2996 4685
809 392 942 466 DE
1003 391 1647 465 CARMINIBUS
1705 391 2081 463 AVIENI.
2406 387 2497 486 37

373 522 798 612 praediorum‚
813 525 1173 613 -proesertim
1199 524 1597 614 longinquis,
1622 521 1942 588 curiosius
1964 520 2281 611 quaesivit,
2304 535 2499 610 atque

373 630 530 706 hinc
563 631 759 693 situm
807 631 996 693 maris
1040 630 1340 712 extremi,
1388 628 1665 694 Maeotici
1683 677 1701 710 ,
1742 628 2065 718 praecipue
2112 627 2503 716 cognoscere

372 735 580 798 voluit
617 733 746 824 (1),
787 737 972 817 cujus
999 736 1067 799 in
1103 737 1288 800 terris
1319 734 1761 818 adjacentibus
1785 735 2095 824 plurimas
2126 735 2263 815 ejus
2294 733 2502 824 gentis

371 841 806 928 possessiones
829 842 1026 916 fuisse
1057 840 1358 906 diximus.
1379 843 1700 906 Avienum
1722 863 1878 905 vero
1902 839 2165 929 negotio
2189 861 2269 904 eo
2294 838 2502 902 susci·

373 945 648 1032 piendo,
691 946 998 1012 credibile
1029 963 1158 1031 est,
1201 948 1541 1030 inservire,
1576 969 1711 1011 non
1756 944 1957 1010 modo
1992 943 2253 1028 studiis,
2293 943 2409 1008 sed
2438 961 2505 1008 et

372 1053 592 1140 gloriae
617 1053 827 1142 gentis
854 1054 1024 1118 illius
1043 1107 1059 1136 ,
1087 1055 1194 1118 cui
1222 1053 1575 1138 scribebat,
1612 1054 1926 1134 voluisse,
1962 1050 2361 1140 operam'qu'e
2390 1049 2502 1114 de·-

373 1155 576 1238 disse,
615 1175 692 1223 ut
719 1159 940 1224 Probo
964 1182 1082 1249 per
1105 1160 1529 1226 occasionem.
1556 1181 1697 1224 eam
1743 1159 2021 1248 plurima
2042 1207 2059 1241 ,
2102 1158 2158 1222 si
2197 1157 2332 1223 non
2369 1181 2505 1222 om-

373 1263 510 1344 nia,
538 1265 750 1352 gentis
775 1287 906 1330 suae
934 1264 1171 1354 praedia
1202 1288 1319 1354 per
1347 1266 1591 1330 insulas
1626 1282 1692 1331 et
1720 1265 2037 1329 ambitum
2072 1265 2265 1328 maris
2298 1263 2503 1328 medi·

372 1371 648 1434 terranei
677 1372 1080 1454 ostenderet,
1114 1395 1326 1460 neque
1353 1371 1631 1454 dubium
1660 1388 1758 1436 est
1774 1419 1791 1453 ,
1814 1372 1975 1459 quin
2002 1371 2105 1435 ille
2136 1393 2255 1462 peir
2286 1386 2502 1434 totum

368 1496 566 1561 opus,
589 1497 786 1564 regna
830 1476 1148 1540 nobilium
1191 1478 1643 1542 Romanorum
1680 1476 2023 1566 diligenter
2064 1475 2503 1554 adnotaverit,

370 1579 570 1644 modo
618 1580 780 1646 illud
814 1582 1180 1672 integrum,
1233 1605 1356 1648 nec
1402 1601 1587 1672 parte
1634 1584 1909 1648 maxima
1960 1582 2371 1663 truncatum,
2422 1579 2504 1644 ad

369 1707 491 1750 nos
527 1689 938 1775 pervenisset.
995 1690 1072 1752 In
1107 1690 1252 1780 ipso
1283 1692 1446 1754 mari
1475 1691 1777 1755 Moeotico
1811 1687 2242 1754 describendo
2278 1689 2491 1776 proeci·

367 1815 577 1880 puum
651 1794 774 1858 sibi
848 1811 1182 1860 auctorem
1255 1797 1457 1861 fuisse
1522 1797 1897 1860 Sallustium
1971 1795 2349 1883 profitetur,
2412 1793 2509 1856 ad

365 1900 546 1986 ctq'us
587 1899 894 1985 inchaeam
939 1900 1412 1989 descriptionem
1445 1901 1652 1965 multa
1688 1923 1757 1964 se
1800 1900 1958 1965 dicit
1974 1901 2273 1990 jure-visse
2290 1947 2309 1979 ,
2356 1921 2503 1986 quae

369 2026 452 2067 ex
499 2004 876 2069 Groecorum
919 2007 1402 2070 commentariis
1447 2009 1849 2094 sumpsisset.
1883 2007 2075 2072 Unde
2118 2006 2321 2070 totius
2354 2007 2503 2069 Oroe

369 2111 708 2175 maritimae
727 2111 1080 2200 descriptio
1095 2127 1280 2176 enata
1297 2111 1575 2176 videtur.
1606 2114 1819 2200 Atque
1845 2135 1925 2177 ex
1951 2112 2250 2177 hocloco
2272 2111 2503 2175 Avieni

367 2215 637 2305 colligo,
683 2217 1060 2281 Sallustium
1101 2216 1603 2314 descriptionem
1661 2217 1858 2282 Ponti
1904 2217 2141 2281 Euxini
2194 2215 2501 2305 singulari

367 2321 538 2387 libro
569 2321 858 2406 dedisse,
887 2346 1086 2411 quem
1117 2323 1320 2388 miror
1350 2347 1387 2387 a
1420 2323 1575 2389 viris
1616 2322 1827 2387 doctis
1846 2371 1865 2405 ,
1902 2322 2011 2412 qni
2062 2321 2147 2386 de
2191 2321 2499 2387 Romanis

367 2428 790 2517 scriptoribus
821 2421 1096 2518 egerunt
1117 2477 1136 2509 ,
1179 2429 1350 2494 inter
1389 2428 1721 2516 deperdita
1759 2429 2037 2495 Sallustii
2080 2428 2319 2517 scripta
2362 2450 2499 2493 non

367 2536 736 2601 memorari.
771 2535 909 2600 Etsi
944 2533 1161 2599 videri.
1191 2536 1412 2623 potest
1453 2534 1829 2615 Sallustius,
1875 2552 1953 2599 ut
1983 2533 2247 2622 quidam
2280 2534 2501 2607 existi-

369 2658 582 2722 mant,
620 2642 792 2705 hanc
835 2640 1338 2731 descriptionem
1386 2642 1557 2707 libro
1609 2640 1711 2705 IV·
1742 2642 2205 2721 Historiarum,
2256 2640 2373 2704 ubi
2416 2638 2499 2703 de

367 2748 542 2812 bello
589 2746 1030 2813 Mithridatico
1082 2749 1213 2838 egit
1231 2796 1250 2831 ,
1310 2750 1687 2829 inseruisse,
1732 2746 2037 2836 idemque
2086 2748 2237 2811 fecit
2280 2751 2497 2812 Amm.

365 2852 822 2932 Marcellinus,
839 2852 950 2917 lib.
979 2853 1174 2917 XXII
1193 2902 1217 2934 ,
1237 2876 1380 2942 cap.
1405 2852 1446 2917 8
1465 2902 1484 2935 ,
1508 2854 1655 2941 qui,
1686 2874 1805 2941 per
1835 2853 2241 2917 occasionem
2278 2854 2499 2940 profe-

367 2959 602 3023 ctionis
622 2959 858 3024 Iuliani
893 2960 960 3023 in
997 2960 1358 3041 Orientem,
1387 2960 1585 3025 situm
1604 2959 1857 3041 Pontici
1892 2960 2075 3025 sinus
2108 2976 2174 3023 et
2199 2960 2497 3047 regiones
2548 3018 2552 3021 .
2590 3020 2598 3033 ,

364 3066 774 3154 populosque
807 3088 926 3154 per
965 3088 1116 3141 eum
1165 3080 1442 3130 tractum
1489 3082 1853 3129 monstrare
1892 3066 2195 3154 suscipit3
2244 3080 2457 3128 tamen
2477 3112 2497 3145 ,

365 3190 572 3257 quum
599 3192 676 3247 ea
703 3169 1050 3258 descriptio
1079 3170 1270 3235 toties
1297 3170 1420 3233 sub
1445 3170 1752 3258 peculiari
1782 3170 1975 3233 titulo
2006 3171 2188 3234 citari
2214 3192 2251 3232 a
2270 3169 2497 3233 Gram-

368 3274 618 3337 maticis
658 3274 893 3355 solent,
919 3272 998 3339 .id
1036 3275 1188 3339 satis
1231 3296 1474 3339 caussas
1516 3298 1655 3359 esse
1694 3274 1981 3353 videtur,
2028 3291 2109 3338 ut
2158 3294 2281 3361 pro
2310 3274 2493 3347 ,libro

364 3378 645 3445 Sallustii
690 3379 1018 3466 singulari}
1040 3380 1416 3445 habeamus.
1455 3380 1711 3444 Nonius
1756 3379 2099 3443 Marcellus
2132 3378 2223 3467 (2)
2280 3378 2497 3443 Salba-

435 3604 514 3671 (ι)
549 3602 670 3655 Non
718 3612 796 3654 est
841 3599 1032 3669 mirum
1051 3640 1068 3667 ‚
1101 3600 1322 3674 inquam
1338 3642 1355 3669 ‚
1407 3600 1643 3654 Probum
1680 3603 1932 3674 juvenem
1985 3600 2317 3673 predivitem
2380 3602 2495 3656 buc

363 3689 686 3761 quasivisse,
719 3687 978 3762 siquidem
1006 3689 1266 3743 Ammiau.
1289 3690 1632 3743 Marcellinus
1654 3730 1671 3755 ,
1712 3689 1803 3741 lib.
1830 3688 1980 3757 XIV,
2008 3710 2122 3761 cap.
2162 3694 2223 3755 6,
2254 3710 2373 3763 pag.
2401 3694 2495 3757 26,

365 3778 574 3845 scribit,
602 3797 716 3831 eam
750 3798 847 3833 suo
883 3789 1124 3849 tempore
1159 3776 1522 3849 adrogantiam
1557 3788 1611 3830 et
1642 3778 1926 3831 vanitatem
1962 3778 2217 3832 nobilium
2254 3792 2307 3831 et
2336 3780 2499 3832 Sena·

365 3878 543 3919 torum
567 3866 930 3920 Romanorum
959 3883 1073 3919 esse
1095 3906 1111 3932 ,
1150 3876 1211 3918 ut
1250 3890 1272 3911 ι
1297 3864 1613 3936 patrimonia
1652 3882 1747 3917 sua
1786 3866 1841 3917 in
1870 3865 2185 3920 immensum
2217 3864 2496 3932 extollant,

363 3952 627 4007 cultorum
661 3966 842 4026 utpote
875 3954 1130 4008 feracium
1170 3952 1581 4025 multiplicantes
1608 3958 1813 4008 annuos
1848 3954 2050 4007 fructus
2066 3992 2081 4021 ,
2106 3972 2223 4027 qua
2256 3973 2287 4007 a
2324 3954 2495 4025 primo

359 4042 432 4097 ad
455 4042 697 4097 ultimum
719 4045 882 4097 solem
903 4062 962 4099 se
989 4042 1204 4098 abunde
1225 4030 1470 4114 jactitant
1493 4042 1823 4113 possidente».
1890 4046 1900 4053 ’

432 4140 510 4208 (a)
545 4138 668 4209 Peg.
688 4140 788 4201 524
811 4138 935 4194 edit.
963 4139 1125 4192 Paris.
1157 4140 1210 4191 in
1241 4160 1289 4191 v.
1315 4142 1613 4192 Proximum.
