2996 4685
353 524 1554 551 mmmmmmmmmmmm
1560 522 2016 545 mmmmm
2021 520 2382 543 mmmm!
2389 522 2480 540 w-

1026 756 1786 959 TABULA

1200 1108 1656 1227 RERUM'

522 1420 683 1479 Qun:
734 1418 830 1466 n(-
861 1418 1003 1477 noc
1052 1376 1327 1476 'omme
1378 1413 1748 1464 vottmnm
1803 1414 2320 1463 commentum

1090 1710 1728 1744 -----oee--——-
1837 1732 1842 1737 -

358 2016 521 2137 DE
566 2057 743 2127 Rufo
788 2058 984 2125 Festo
1022 2053 1279 2181 Avieno
1316 2066 1383 2122 et
1428 2053 1510 2122 de
1551 2054 1698 2147 ejus
1735 2058 2144 2183 carminibus
2188 2084 2305 2128 eo-

451 2205 735 2275 rumque
770 2172 1203 2249 editoribus
1200 2229 2288 2253 .......................
2463 2208 2488 2252 1

356 2310 461 2384 De
504 2303 757 2375 familia
797 2317 871 2376 et
900 2303 1301 2400 cognatione
1333 2303 1576 2374 Avieni
1594 2357 2292 2380 ...............
2408 2305 2500 2378 23

355 2435 463 2502 De
500 2430 724 2502 Probo
758 2443 829 2500 et
862 2425 1178 2499 Flaviano
1222 2428 1452 2498 amicis
1484 2428 1723 2498 Avieni
1741 2481 2049 2500 .......
2057 2436 2066 2445 ’
2081 2484 2289 2502 .....
2409 2429 2500 2502 25

359 2557 467 2622 De
504 2551 823 2621 Flaviano
864 2553 1235 2644 Myrmecio
1254 2603 1707 2622 ..........
1735 2533 1745 2540 ’
1742 2606 1952 2622 .....
1950 2581 1957 2588 ·
1986 2608 2291 2626 .......
2407 2583 2448 2627 2
2453 2553 2501 2626 6

357 2678 463 2744 De
482 2673 913 2742 -carminibus
948 2673 1191 2742 Avieni
1210 2719 2001 2746 .................
2033 2729 2051 2770 .·
2085 2731 2296 2750 .....
2413 2681 2504 2751 30

359 2799 469 2866 De
514 2795 779 2889 scriptis
817 2793 1055 2863 Avieni
1093 2792 1314 2862 dubiis
1356 2809 1425 2862 et
1460 2796 1708 2886 spuriis
1745 2849 2294 2871 ............
2409 2807 2505 2900 49

362 2921 469 2990 De
511 2915 879 2988 editoribus
908 2917 1141 2986 Avieni
1158 2965 2293 2993 ........................
2413 2923 2498 2996 52

366 3047 472 3114 De
504 3041 871 3110 editoribus
916 3055 983 3110 et
1020 3039 1496 3134 interpretibus
1533 3041 1770 3110 Avieni
1786 3093 2290 3118 ...........
2401 3047 2500 3118 60

366 3166 708 3236 Editiones
740 3187 1019 3258 operum
1059 3163 1215 3236 Rufi
1262 3165 1436 3234 Festi
1480 3167 1717 3234 Avieni
1757 3169 2121 3260 praesertim
2159 3193 2312 3264 geo-

465 3287 941 3382 graphicorum
966 3337 2295 3364 ............................
2409 3293 2504 3366 65

370 3418 475 3484 De
524 3411 703 3484 Rufo
748 3415 946 3481 Festo
981 3410 1241 3482 Avieno
1274 3411 1658 3480 testimonia
1703 3428 2053 3482 auctorum
2109 3431 2176 3486 et
2211 3419 2314 3512 ju·

466 3535 641 3606 dicia
675 3586 983 3605 .......
986 3616 993 3628 Ι
1017 3585 2298 3610 ...........................
2417 3567 2508 3641 79

373 3659 685 3730 Praefatio
726 3657 810 3726 ad
846 3657 1381 3751 Descriptionem
1422 3659 1606 3728 orbis
1641 3676 1834 3730 terrae
1851 3717 2157 3736 .......
2192 3721 2204 3732 .
2239 3721 2251 3734 .
2287 3721 2299 3736 .
2413 3694 2496 3766 9¹

374 3782 533 3853 Rufi
612 3783 788 3851 Festi
867 3783 1106 3851 Avieni
1185 3784 1569 3878 Descriptio
1641 3785 1824 3854 orbis
1901 3802 2093 3858 terrae
2167 3813 2318 3860 cum

464 3911 521 3977 J.
569 3905 921 3977 Schraderi
966 3904 1142 3974 notis
1175 3904 1443 3975 ineditis
1486 3921 1554 3975 et
1591 3903 1876 3978 aliorum
1917 3913 2242 4006 excerptis
2291 3967 2306 3980 .
2419 3939 2510 4010 97

380 4033 713 4100 Excursus
760 4034 793 4101 I
844 4028 927 4098 ad
969 4029 1512 4124 Descriptionem
1557 4033 1741 4101 orbis
1785 4049 2013 4114 terrm,
2053 4059 2148 4104 vs,
2192 4033 2324 4105 116

474 4169 542 4222 et
583 4179 713 4250 ¹¹7
736 4205 2307 4228 .................................
2376 4155 2512 4254 367

581 4299 659 4363 V.
1014 4367 1019 4374 ,
2135 4300 2218 4382 4¹
