2996 4685
524 354 661 451 596

1275 351 1356 415 R.
1414 350 1487 414 F.
1517 350 1891 419 ·AV1EN1

614 482 979 571 Surgentes
1011 473 1297 543 Gemini.
1338 474 1562 540 Tauro
1589 475 1854 565 Capra,
1891 470 2256 568 plantaque
2293 474 2488 565 laeva,

615 592 839 680 Atque
870 582 1065 655 Hoedi
1084 581 1415 651 evadunt.
1450 585 1626 652 Tum
1663 582 1958 676 primum
1995 608 2226 655 rursus
2263 588 2347 656 ab
2383 589 2580 659 undis

614 700 857 767 Cetosa
898 696 967 763 in
1002 718 1319 789 superum
1353 691 1738 762 referuntur
1761 693 2016 763 viscera
2055 695 2308 767 caelum.
2467 698 2478 705 ’

609 808 783 877 Nam
824 804 1051 873 caudae
1090 818 1159 872 et
1194 804 1410 873 cristae
1445 804 1630 897 rigor
1671 803 1920 872 arduus
1960 828 2114 873 aera
2156 806 2402 877 celsum
2437 822 2446 835 ’
2547 832 2648 871 ,κω

612 920 804 985 Tunc
842 928 1184 1009 repetunt3
1216 913 1345 982 diri
1382 937 1592 1006 quum
1635 914 1854 985 sidera
1889 918 2156 1009 gurgite
2193 920 2475 989 monstri
2521 932 2526 941 '

613 1026 845 1097 Volvit
881 1024 1240 1121 praecipitis
1276 1038 1447 1093 teres
1480 1021 1828 1093 inclinatio
1865 1024 2138 1113 mundi,

612 1136 892 1205 Eminus
934 1136 1275 1229 ingentem
1311 1132 1543 1203 condit
1579 1156 1734 1227 pars
1775 1135 1992 1229 prima
2031 1138 2329 1207 Bootem.

612 1248 923 1336 Quatuor
963 1246 1367 1339 hicUetenim
1404 1244 1610 1339 signis
1647 1246 2074 1340 surgentibus
2095 1245 2318 1317 'altum
2377 1254 2386 1263 '

611 1358 745 1428 Vix
780 1371 1090 1452 penetrat
1125 1354 1400 1450 pelagus
1416 1408 1435 1441 ‚
1460 1380 1678 1449 neque
1703 1380 1961 1425 summa
1996 1370 2180 1430 totus
2207 1358 2291 1426 ab
2319 1360 2523 1429 aethra
2547 1380 2646 1419 ὼε

609 1469 894 1537 Labitur
920 1470 1249 1537 Arcturus
1275 1520 1293 1553 ‚
1318 1490 1558 1535 manus
1593 1464 1708 1534 olli
1746 1466 1998 1560 quippe
2033 1466 2298 1537 sinistra
2503 1482 2512 1491 ‘

611 1580 648 1646 J
654 1603 780 1672 uge
819 1592 1081 1663 manet,
1108 1575 1428 1670 celsisque
1466 1599 1669 1669 super
1704 1572 2102 1645 subducitur
2138 1577 2354 1646 Ursis.
2409 1592 2416 1599 ’

710 1690 801 1757 At
838 1711 1046 1783 quum
1082 1688 1223 1781 jam
1259 1685 1549 1781 pedibus
1587 1684 1834 1779 repetit
1869 1684 2115 1754 fluctus
2149 1684 2550 1779 Ophiuchus
2571 1740 2589 1771 ‚

616 1801 711 1868 Ut
751 1822 964 1894 genua
1004 1800 1318 1867 Oceanus
1346 1810 1535 1864 vasto
1573 1793 1812 1888 procul
1855 1818 2122 1889 aequore
2161 1795 2443 1881 condat,

614 1912 895 2005 Signum
932 1908 1063 1979 erit
1094 1909 1235 1977 an
1270 1908 1600 1976 Geminos
1643 1904 2005 2000 procedere
2041 1912 2249 1999 parte.
2545 1928 2649 1969 1³·-

612 2024 752 2091 Nec
789 2017 983 2087 lateri
1018 2018 1265 2087 Pistrix
1300 2017 1615 2110 cuiquam
1642 2016 1858 2085 vicina
1892 2000 2177 2102 videtur,

614 2131 741 2201 Sed
773 2130 912 2224 jam
962 2144 1100 2199 tota
1136 2151 1335 2221 super
1365 2123 1774 2197 sustollitur:
1804 2125 2068 2219 exspuit
2103 2140 2315 2193 atram

611 2244 759 2309 Jam
777 2236 1049 2331 pelagus
1072 2236 1359 2329 speciem
1381 2288 1400 2319 ‚
1424 2259 1548 2303 nec
1565 2234 1786 2303 adhuc
1808 2234 2110 2303 membra
2133 2235 2380 2303 extima
2399 2234 2644 2303 sorbet.

610 2347 797 2436 Quid
832 2349 903 2414 ni
940 2347 1269 2415 nascentis
1306 2358 1642 2438 suspectat
1681 2346 1908 2416 navita
1943 2358 2155 2439 ponto

612 2458 899 2551 Agmina
936 2457 1153 2552 prima
1187 2455 1351 2524 Padi
1392 2453 1553 2524 caelo
1590 2471 1732 2523 tum
1767 2454 2023 2524 fervere
2063 2455 2340 2550 aperto?

2538 2476 2639 2516 131⁵

612 2567 1015 2661 Vicinasque
1052 2566 1225 2636 faces
1262 2564 1449 2635 rutili
1486 2579 1712 2634 manet
1745 2566 2050 2650 Orioni8‚

592 2797 745 2850 1297.
803 2784 1080 2847 Plantaque
1118 2784 1273 2840 laeva,
1339 2795 1530 2849 nempe

514 2852 753 2924 Aurigae,
808 2869 969 2922 quem
1010 2869 1161 2904 versu
1211 2847 1532 2922 precedenti

513 2929 769 2982 nominat.
801 2929 896 2982 En.

588 3026 738 3077 1299.
770 3010 1058 3074 Befimemur
1081 3011 1287 3060 viscera.
1320 3007 1420 3061 Hic
1436 3008 1532 3060 ite-

512 3106 637 3139 rum
682 3091 875 3138 viscera
926 3097 1048 3139 sunt
1089 3089 1207 3158 μέρη
1255 3088 1362 3140 sive
1392 3089 1527 3158 μέλη.

511 3167 634 3220 Non
656 3179 902 3220 accurate
926 3165 1050 3218 satis
1067 3167 1534 3238 interpretatusJest

512 3245 863 3300 Wernsdorf.
894 3244 963 3299 ad
991 3246 1181 3300 Avieni
1216 3247 1419 3318 Perieg.
1449 3267 1529 3300 vs.

508 3325 606 3395 781
619 3365 634 3390 ,
657 3351 679 3372 «
701 3331 869 3378 Ceeosa
882 3330 1075 3378 viscera
1096 3345 1197 3399 pro
1212 3325 1342 3380 Ceto
1356 3365 1371 3390 ,
1392 3339 1532 3382 astro

510 3405 721 3459 coelesti.
738 3431 759 3451 ι
783 3405 909 3458 Vid.
937 3425 1099 3479 supra
1122 3425 1175 3477 p.
1200 3405 1321 3459 252.
1342 3405 1439 3458 En.

586 3486 680 3538 131
694 3504 739 3537 1.
782 3491 887 3536 Nec
920 3490 1066 3538 lateri
1091 3488 1278 3536 Pistrix
1303 3488 1531 3552 cuiquam

508 3566 678 3615 vicina
698 3565 914 3616 videtur.
936 3563 1138 3617 Mirum
1154 3601 1169 3626 ,
1203 3564 1247 3616 si
1270 3564 1387 3638 quis
1417 3563 1530 3618 haec

505 3642 779 3714 intelligat.
793 3643 1069 3714 Pingraeus
1086 3662 1187 3716 pro
1206 3645 1350 3693 laceri
1366 3645 1529 3715 suspi-

507 3733 657 3775 catur
675 3725 836 3782 lacici,
860 3721 949 3774 sed
972 3723 1047 3775 sic
1074 3741 1258 3775 versus
1286 3723 1375 3775 hic
1401 3741 1527 3776 cum

504 3801 743 3875 sequenti
764 3819 871 3852 non
886 3800 1128 3853 cohaeret.
1142 3801 1278 3853 Nam
1299 3801 1343 3853 si
1365 3801 1526 3854 Cetus

504 3900 611 3933 non
652 3879 857 3932 vicinus
906 3891 984 3930 est
1020 3877 1319 3944 horizonti,
1358 3881 1524 3933 mani-

500 3959 692 4012 festum
714 3957 873 4010 nimis
890 3969 996 4020 est,
1020 3976 1144 4010 eum
1170 3975 1329 4029 supra
1354 3971 1524 4012 totum

501 4037 721 4091 sustolli.
742 4035 1001 4088 Coeterum
1022 4035 1290 4109 Pingraeus
1308 4055 1415 4089 non
1442 4037 1521 4088 in-

500 4115 719 4167 feliciter
734 4131 917 4165 versus
946 4113 1089 4165 Arati
1114 4117 1485 4184 interpretatur
1506 4133 1518 4166 :

1620 2801 1644 2822 α
1659 2777 1780 2830 Non
1799 2778 1912 2849 jam
1933 2759 2104 2849 prima
2130 2785 2274 2846 patet
2288 2811 2304 2838 ,
2333 2773 2504 2827 latitat
2523 2791 2647 2844 pars

1621 2855 1780 2908 altera
1819 2854 1965 2918 Ceti3
1993 2853 2162 2908 Totus
2201 2854 2446 2907 surrexit.
2488 2851 2648 2906 Nunc

1621 2945 1672 2986 et
1705 2933 1855 2986 fluvii
1896 2934 2106 3004 agmina
2151 2934 2327 3004 prima
2361 2933 2426 2984 In
2461 2929 2647 2985 medio

1619 3013 1838 3066 veniunt
1855 3037 1895 3062 a.
1925 3013 2031 3065 En.

1695 3090 1846 3145 1313.
1883 3095 1988 3143 Nec
2014 3093 2178 3143 adhuc
2205 3096 2422 3144 membra
2459 3092 2646 3142 extima

1618 3173 1801 3230 sorbet,
1824 3188 1889 3222 ex
1905 3169 2080 3223 Grotii
2095 3171 2415 3243 conjectura.
2435 3169 2642 3240 Vulgo:

1621 3273 1644 3296 κ
1661 3268 1760 3302 nec
1781 3247 1958 3302 adhuc
1970 3262 2145 3302 tamen
2167 3249 2354 3302 extima
2371 3247 2584 3300 sorbent
2597 3271 2618 3294 ι
2630 3287 2644 3298 .

1695 3329 1849 3392 1314.
1891 3331 2024 3394 Quid
2044 3331 2098 3380 m·
2128 3329 2372 3378 nascentt‘s
2404 3339 2648 3393 suspectat

1619 3411 1785 3459 navita
1797 3422 1973 3475 ponto.
1999 3405 2220 3459 Buhlius
2249 3405 2526 3468 hocversu
2548 3422 2648 3476 pro

1617 3501 1858 3555 suspectae
1903 3487 2019 3539 vult
2055 3500 2319 3553 suspector,
2350 3481 2498 3555 quod
2529 3483 2648 3555 qui-

1619 3565 1740 3619 dem
1763 3567 1890 3618 huic
1919 3563 2316 3636 interrogationi
2343 3576 2420 3618 est
2447 3564 2640 3636 aptius.

1617 3649 1898 3708 Nascentis,
1941 3663 2020 3698 sc.
2040 3643 2202 3710 Padi,
2229 3643 2283 3696 h.
2313 3661 2360 3696 e.
2394 3642 2641 3710 orientis,

1613 3723 1711 3776 nisi
1747 3723 1900 3776 malis
1939 3725 2215 3776 scandentis
2240 3741 2338 3796 per
2363 3722 2636 3774 literarum

1614 3803 2110 3873 transpositionem;
2167 3801 2436 3864 ἐξανιοῦσαν
2491 3801 2637 3853 enim

1613 3881 1858 3936 hocloco
1882 3879 2014 3934 dixit
2039 3883 2248 3934 Aratus.
2280 3883 2346 3933 In
2372 3898 2448 3932 vs.
2479 3879 2638 3932 etiam

1612 3961 1848 4034 sequenti
1871 3980 1970 4034 pro
1996 3960 2208 4032 vulgato
2240 3987 2266 4005 «ε
2285 3969 2464 4012 manet
2485 3958 2637 4011 Orio-

1611 4037 1730 4090 nis·-
1765 4037 1992 4091 Buhlius
2027 4037 2156 4092 dicit
2191 4035 2471 4110 legendum
2492 4053 2641 4088 uma·

1611 4129 1813 4201 neatsv,
1833 4116 1927 4172 sed
1957 4129 2184 4171 metrum
2213 4127 2492 4188 repugnat.
2523 4114 2633 4167 Eu.
