<?xml version="1.0" encoding="UTF-8"?>
<!DOCTYPE html PUBLIC "-//W3C//DTD XHTML 1.0 Transitional//EN"
    "http://www.w3.org/TR/xhtml1/DTD/xhtml1-transitional.dtd">
<html xmlns="http://www.w3.org/1999/xhtml" xml:lang="en" lang="en">
 <head>
  <title>
</title>
<meta http-equiv="Content-Type" content="text/html;charset=utf-8" />
  <meta name='ocr-system' content='tesseract 3.04.00' />
  <meta name='ocr-capabilities' content='ocr_page ocr_carea ocr_par ocr_line ocrx_word'/>
</head>
<body>
  <div class='ocr_page' id='page_1' title='image "./poetaelatinimin01unkngoog_0325.png"; bbox 0 0 2996 4685; ppageno 0'>
   <div class='ocr_carea' id='block_1_1' title="bbox 423 360 562 434">
    <p class='ocr_par' dir='ltr' id='par_1_1' title="bbox 423 360 562 434">
     <span class='ocr_line' id='line_1_1' title="bbox 423 360 562 434; baseline -0.007 0"><span class='ocrx_word' id='word_1_1' title='bbox 423 360 562 434; x_wconf 84' lang='lat'><strong>316</strong></span> 
     </span>
    </p>
   </div>
   <div class='ocr_carea' id='block_1_2' title="bbox 1178 367 1799 435">
    <p class='ocr_par' dir='ltr' id='par_1_2' title="bbox 1178 367 1799 435">
     <span class='ocr_line' id='line_1_2' title="bbox 1178 367 1799 435; baseline 0 -3"><span class='ocrx_word' id='word_1_2' title='bbox 1178 370 1260 433; x_wconf 90' lang='lat' dir='ltr'><strong>R.</strong></span> <span class='ocrx_word' id='word_1_3' title='bbox 1315 368 1384 433; x_wconf 90' lang='lat' dir='ltr'><strong>F.</strong></span> <span class='ocrx_word' id='word_1_4' title='bbox 1442 367 1799 435; x_wconf 81' lang='lat' dir='ltr'><strong>AVIENI.</strong></span> 
     </span>
    </p>
   </div>
   <div class='ocr_carea' id='block_1_3' title="bbox 516 484 2405 803">
    <p class='ocr_par' dir='ltr' id='par_1_3' title="bbox 516 484 2405 803">
     <span class='ocr_line' id='line_1_3' title="bbox 522 484 2147 581; baseline 0.002 -27"><span class='ocrx_word' id='word_1_5' title='bbox 522 489 692 555; x_wconf 82' lang='lat' dir='ltr'><strong>Tota</strong></span> <span class='ocrx_word' id='word_1_6' title='bbox 733 484 914 555; x_wconf 90' lang='lat' dir='ltr'><strong>solo:</strong></span> <span class='ocrx_word' id='word_1_7' title='bbox 957 485 1154 556; x_wconf 87' lang='lat' dir='ltr'><strong>tellus</strong></span> <span class='ocrx_word' id='word_1_8' title='bbox 1194 486 1304 555; x_wconf 87' lang='lat' dir='ltr'><strong>hic</strong></span> <span class='ocrx_word' id='word_1_9' title='bbox 1351 508 1610 581; x_wconf 82' lang='lat' dir='ltr'><strong>semper</strong></span> <span class='ocrx_word' id='word_1_10' title='bbox 1650 488 1901 581; x_wconf 81' lang='lat' dir='ltr'><strong>fragrat</strong></span> <span class='ocrx_word' id='word_1_11' title='bbox 1936 488 2147 558; x_wconf 88' lang='lat' dir='ltr'><strong>odoro</strong></span> 
     </span>
     <span class='ocr_line' id='line_1_4' title="bbox 521 595 2262 693; baseline 0.002 -29"><span class='ocrx_word' id='word_1_12' title='bbox 521 596 827 689; x_wconf 85' lang='lat' dir='ltr'><strong>Cespite:</strong></span> <span class='ocrx_word' id='word_1_13' title='bbox 870 599 1254 693; x_wconf 87' lang='lat' dir='ltr'><strong>prorumpit</strong></span> <span class='ocrx_word' id='word_1_14' title='bbox 1294 595 1667 691; x_wconf 67' lang='lat' dir='ltr'><strong>lacrymoso</strong></span> <span class='ocrx_word' id='word_1_15' title='bbox 1706 599 1931 693; x_wconf 82' lang='lat' dir='ltr'><strong>stipite</strong></span> <span class='ocrx_word' id='word_1_16' title='bbox 1960 601 2262 693; x_wconf 85' lang='lat' dir='ltr'><strong>myrrha,</strong></span> 
     </span>
     <span class='ocr_line' id='line_1_5' title="bbox 516 706 2405 803; baseline 0 -27"><span class='ocrx_word' id='word_1_17' title='bbox 516 706 795 801; x_wconf 83' lang='lat' dir='ltr'><strong>Myrrha</strong></span> <span class='ocrx_word' id='word_1_18' title='bbox 839 707 1026 777; x_wconf 91' lang='lat' dir='ltr'><strong>furor</strong></span> <span class='ocrx_word' id='word_1_19' title='bbox 1061 710 1402 803; x_wconf 87' lang='lat' dir='ltr'><strong>quondam</strong></span> <span class='ocrx_word' id='word_1_20' title='bbox 1439 711 1820 803; x_wconf 76' lang='lat' dir='ltr'><strong>Cinyreius3</strong></span> <span class='ocrx_word' id='word_1_21' title='bbox 1862 710 1971 779; x_wconf 90' lang='lat' dir='ltr'><strong>hic</strong></span> <span class='ocrx_word' id='word_1_22' title='bbox 2009 707 2228 779; x_wconf 83' lang='lat' dir='ltr'><strong>ladani</strong></span> <span class='ocrx_word' id='word_1_23' title='bbox 2275 711 2405 777; x_wconf 87' lang='lat' dir='ltr'><strong>vim</strong></span> 
     </span>
    </p>
   </div>
   <div class='ocr_carea' id='block_1_4' title="bbox 417 885 1444 1125">
    <p class='ocr_par' dir='ltr' id='par_1_4' title="bbox 417 885 1444 1125">
     <span class='ocr_line' id='line_1_6' title="bbox 419 885 1439 959; baseline 0.003 -24"><span class='ocrx_word' id='word_1_24' title='bbox 419 902 498 936; x_wconf 81' lang='lat' dir='ltr'><strong>vs.</strong></span> <span class='ocrx_word' id='word_1_25' title='bbox 543 885 680 954; x_wconf 84' lang='lat'><strong>873:</strong></span> <span class='ocrx_word' id='word_1_26' title='bbox 727 910 752 929; x_wconf 69' lang='lat' dir='ltr'>a</span> <span class='ocrx_word' id='word_1_27' title='bbox 780 886 1052 940; x_wconf 84' lang='lat' dir='ltr'><strong>Fluctibus</strong></span> <span class='ocrx_word' id='word_1_28' title='bbox 1081 888 1284 941; x_wconf 78' lang='lat' dir='ltr'><strong>Oceani</strong></span> <span class='ocrx_word' id='word_1_29' title='bbox 1321 888 1439 959; x_wconf 88' lang='lat' dir='ltr'><strong>pul·</strong></span> 
     </span>
     <span class='ocr_line' id='line_1_7' title="bbox 423 965 1444 1039; baseline 0.001 -23"><span class='ocrx_word' id='word_1_30' title='bbox 423 974 568 1017; x_wconf 81' lang='lat' dir='ltr'><strong>satur</strong></span> <span class='ocrx_word' id='word_1_31' title='bbox 596 974 647 1016; x_wconf 89' lang='lat' dir='ltr'><strong>et</strong></span> <span class='ocrx_word' id='word_1_32' title='bbox 673 965 912 1039; x_wconf 84' lang='lat' dir='ltr'><strong>undique</strong></span> <span class='ocrx_word' id='word_1_33' title='bbox 940 968 1109 1021; x_wconf 83' lang='lat' dir='ltr'><strong>Rubri</strong></span> <span class='ocrx_word' id='word_1_34' title='bbox 1124 994 1166 1021; x_wconf 71' lang='lat' dir='ltr'><strong>a».</strong></span> <span class='ocrx_word' id='word_1_35' title='bbox 1191 966 1444 1019; x_wconf 74' lang='lat' dir='ltr'><strong>Praecedit</strong></span> 
     </span>
     <span class='ocr_line' id='line_1_8' title="bbox 417 1042 1443 1125; baseline 0.005 -31"><span class='ocrx_word' id='word_1_36' title='bbox 417 1042 638 1115; x_wconf 88' lang='lat' dir='ltr'><strong>quidem</strong></span> <span class='ocrx_word' id='word_1_37' title='bbox 655 1063 709 1098; x_wconf 78' lang='lat' dir='ltr'><strong>v.</strong></span> <span class='ocrx_word' id='word_1_38' title='bbox 735 1062 760 1098; x_wconf 88' lang='lat'>1</span> <span class='ocrx_word' id='word_1_39' title='bbox 768 1046 904 1125; x_wconf 49' lang='lat'><strong><em>¹105:</em></strong></span> <span class='ocrx_word' id='word_1_40' title='bbox 929 1072 952 1093; x_wconf 75' lang='grc' dir='ltr'>ι</span> <span class='ocrx_word' id='word_1_41' title='bbox 972 1047 1040 1099; x_wconf 87' lang='lat' dir='ltr'><strong>Et</strong></span> <span class='ocrx_word' id='word_1_42' title='bbox 1067 1047 1230 1101; x_wconf 77' lang='lat' dir='ltr'><strong>latera</strong></span> <span class='ocrx_word' id='word_1_43' title='bbox 1261 1047 1329 1099; x_wconf 88' lang='lat' dir='ltr'><strong>ab</strong></span> <span class='ocrx_word' id='word_1_44' title='bbox 1351 1064 1443 1117; x_wconf 77' lang='lat' dir='ltr'><strong>ge-</strong></span> 
     </span>
    </p>
   </div>
   <div class='ocr_carea' id='block_1_5' title="bbox 1526 887 2557 1120">
    <p class='ocr_par' dir='ltr' id='par_1_5' title="bbox 1526 887 2557 1120">
     <span class='ocr_line' id='line_1_9' title="bbox 1534 887 2551 958; baseline 0.003 -21"><span class='ocrx_word' id='word_1_45' title='bbox 1534 887 1675 958; x_wconf 85' lang='lat' dir='ltr'><strong>ligno</strong></span> <span class='ocrx_word' id='word_1_46' title='bbox 1688 912 1725 939; x_wconf 75' lang='grc' dir='ltr'><strong>ι.</strong></span> <span class='ocrx_word' id='word_1_47' title='bbox 1742 887 1844 940; x_wconf 85' lang='lat' dir='ltr'><strong>Sed</strong></span> <span class='ocrx_word' id='word_1_48' title='bbox 1858 887 1947 942; x_wconf 85' lang='lat' dir='ltr'><strong>hic</strong></span> <span class='ocrx_word' id='word_1_49' title='bbox 1968 890 2121 941; x_wconf 82' lang='lat' dir='ltr'><strong>etiam</strong></span> <span class='ocrx_word' id='word_1_50' title='bbox 2142 890 2385 943; x_wconf 80' lang='lat' dir='ltr'><strong>nonnulli</strong></span> <span class='ocrx_word' id='word_1_51' title='bbox 2396 888 2533 943; x_wconf 87' lang='lat' dir='ltr'><strong>codd</strong></span> <span class='ocrx_word' id='word_1_52' title='bbox 2539 929 2551 940; x_wconf 94' lang='lat'><strong>.</strong></span> 
     </span>
     <span class='ocr_line' id='line_1_10' title="bbox 1526 968 2555 1040; baseline 0.001 -24"><span class='ocrx_word' id='word_1_53' title='bbox 1526 982 1861 1034; x_wconf 81' lang='lat' dir='ltr'><strong>pmrumpunt.</strong></span> <span class='ocrx_word' id='word_1_54' title='bbox 1900 968 1969 1019; x_wconf 87' lang='lat' dir='ltr'><strong>Et</strong></span> <span class='ocrx_word' id='word_1_55' title='bbox 2004 968 2206 1028; x_wconf 80' lang='lat' dir='ltr'><strong>nescio,</strong></span> <span class='ocrx_word' id='word_1_56' title='bbox 2246 968 2341 1040; x_wconf 86' lang='lat' dir='ltr'><strong>qui</strong></span> <span class='ocrx_word' id='word_1_57' title='bbox 2388 968 2555 1039; x_wconf 79' lang='lat' dir='ltr'><strong>magis</strong></span> 
     </span>
     <span class='ocr_line' id='line_1_11' title="bbox 1530 1046 2557 1120; baseline -0.001 -21"><span class='ocrx_word' id='word_1_58' title='bbox 1530 1046 1739 1117; x_wconf 82' lang='lat' dir='ltr'><strong>placere</strong></span> <span class='ocrx_word' id='word_1_59' title='bbox 1748 1051 1965 1115; x_wconf 70' lang='lat' dir='ltr'><strong>prorepit</strong></span> <span class='ocrx_word' id='word_1_60' title='bbox 1974 1050 2150 1118; x_wconf 81' lang='lat' dir='ltr'><strong>possit,</strong></span> <span class='ocrx_word' id='word_1_61' title='bbox 2166 1068 2335 1120; x_wconf 88' lang='lat' dir='ltr'><strong>quum</strong></span> <span class='ocrx_word' id='word_1_62' title='bbox 2342 1068 2557 1115; x_wconf 82' lang='lat' dir='ltr'><strong>prorum-</strong></span> 
     </span>
    </p>
   </div>
   <div class='ocr_carea' id='block_1_6' title="bbox 417 1124 2555 1199">
    <p class='ocr_par' dir='ltr' id='par_1_6' title="bbox 417 1124 2555 1199">
     <span class='ocr_line' id='line_1_12' title="bbox 417 1124 2555 1199; baseline 0.001 -23"><span class='ocrx_word' id='word_1_63' title='bbox 417 1124 563 1176; x_wconf 87' lang='lat' dir='ltr'><strong>mino</strong></span> <span class='ocrx_word' id='word_1_64' title='bbox 589 1126 698 1178; x_wconf 83' lang='lat' dir='ltr'><strong>sale</strong></span> <span class='ocrx_word' id='word_1_65' title='bbox 725 1126 947 1198; x_wconf 77' lang='lat' dir='ltr'><strong>tingitur</strong></span> <span class='ocrx_word' id='word_1_66' title='bbox 963 1154 1016 1193; x_wconf 77' lang='grc' dir='ltr'><strong>ι»,</strong></span> <span class='ocrx_word' id='word_1_67' title='bbox 1032 1125 1126 1182; x_wconf 87' lang='lat' dir='ltr'><strong>sed</strong></span> <span class='ocrx_word' id='word_1_68' title='bbox 1155 1128 1230 1181; x_wconf 88' lang='lat' dir='ltr'><strong>ibi</strong></span> <span class='ocrx_word' id='word_1_69' title='bbox 1259 1144 1443 1181; x_wconf 86' lang='lat' dir='ltr'><strong>emen-</strong></span> <span class='ocrx_word' id='word_1_70' title='bbox 1525 1144 1644 1191; x_wconf 80' lang='lat' dir='ltr'><strong>pere</strong></span> <span class='ocrx_word' id='word_1_71' title='bbox 1665 1124 1733 1177; x_wconf 89' lang='lat' dir='ltr'><strong>de</strong></span> <span class='ocrx_word' id='word_1_72' title='bbox 1758 1126 2003 1199; x_wconf 78' lang='lat' dir='ltr'><strong>lacrymis</strong></span> <span class='ocrx_word' id='word_1_73' title='bbox 2026 1142 2077 1183; x_wconf 76' lang='lat' dir='ltr'><strong>et</strong></span> <span class='ocrx_word' id='word_1_74' title='bbox 2100 1129 2259 1199; x_wconf 83' lang='lat' dir='ltr'><strong>guttis</strong></span> <span class='ocrx_word' id='word_1_75' title='bbox 2286 1129 2555 1198; x_wconf 81' lang='lat' dir='ltr'><strong>vulgatum</strong></span> 
     </span>
    </p>
   </div>
   <div class='ocr_carea' id='block_1_7' title="bbox 415 1201 1458 4210">
    <p class='ocr_par' dir='ltr' id='par_1_7' title="bbox 415 1201 1446 1989">
     <span class='ocr_line' id='line_1_13' title="bbox 417 1201 1444 1276; baseline 0.005 -22"><span class='ocrx_word' id='word_1_76' title='bbox 417 1201 656 1256; x_wconf 85' lang='lat' dir='ltr'><strong>dandum</strong></span> <span class='ocrx_word' id='word_1_77' title='bbox 695 1206 879 1258; x_wconf 88' lang='lat' dir='ltr'><strong>monui</strong></span> <span class='ocrx_word' id='word_1_78' title='bbox 925 1209 1150 1276; x_wconf 74' lang='lat' dir='ltr'><strong>cingitur.</strong></span> <span class='ocrx_word' id='word_1_79' title='bbox 1183 1206 1352 1259; x_wconf 79' lang='lat' dir='ltr'><strong>Scun.</strong></span> <span class='ocrx_word' id='word_1_80' title='bbox 1373 1238 1444 1247; x_wconf 88' lang='lat'><strong>—-</strong></span> 
     </span>
     <span class='ocr_line' id='line_1_14' title="bbox 416 1280 1442 1358; baseline 0.004 -25"><span class='ocrx_word' id='word_1_81' title='bbox 416 1280 522 1334; x_wconf 85' lang='lat' dir='ltr'><strong>Sed</strong></span> <span class='ocrx_word' id='word_1_82' title='bbox 554 1284 760 1351; x_wconf 83' lang='lat' dir='ltr'><strong>nescio,</strong></span> <span class='ocrx_word' id='word_1_83' title='bbox 802 1304 868 1337; x_wconf 80' lang='lat' dir='ltr'><strong>an</strong></span> <span class='ocrx_word' id='word_1_84' title='bbox 910 1286 994 1338; x_wconf 84' lang='lat' dir='ltr'><strong>his</strong></span> <span class='ocrx_word' id='word_1_85' title='bbox 1039 1304 1186 1358; x_wconf 80' lang='lat' dir='ltr'><strong>oeque</strong></span> <span class='ocrx_word' id='word_1_86' title='bbox 1228 1285 1442 1339; x_wconf 86' lang='lat' dir='ltr'><strong>defendi</strong></span> 
     </span>
     <span class='ocr_line' id='line_1_15' title="bbox 421 1364 1442 1437; baseline 0.006 -26"><span class='ocrx_word' id='word_1_87' title='bbox 421 1364 664 1431; x_wconf 72' lang='lat' dir='ltr'><strong>Tangitur</strong></span> <span class='ocrx_word' id='word_1_88' title='bbox 692 1366 886 1435; x_wconf 83' lang='lat' dir='ltr'><strong>possit,</strong></span> <span class='ocrx_word' id='word_1_89' title='bbox 919 1364 1066 1437; x_wconf 85' lang='lat' dir='ltr'><strong>quod</strong></span> <span class='ocrx_word' id='word_1_90' title='bbox 1096 1367 1298 1419; x_wconf 74' lang='lat' dir='ltr'><strong>Avieno</strong></span> <span class='ocrx_word' id='word_1_91' title='bbox 1335 1384 1442 1419; x_wconf 87' lang='lat' dir='ltr'><strong>non</strong></span> 
     </span>
     <span class='ocr_line' id='line_1_16' title="bbox 417 1440 1444 1499; baseline 0.005 -7"><span class='ocrx_word' id='word_1_92' title='bbox 417 1440 594 1495; x_wconf 83' lang='lat' dir='ltr'><strong>minus</strong></span> <span class='ocrx_word' id='word_1_93' title='bbox 669 1444 922 1497; x_wconf 84' lang='lat' dir='ltr'><strong>usitatum</strong></span> <span class='ocrx_word' id='word_1_94' title='bbox 1002 1459 1094 1499; x_wconf 88' lang='lat' dir='ltr'><strong>est.</strong></span> <span class='ocrx_word' id='word_1_95' title='bbox 1189 1445 1444 1499; x_wconf 83' lang='lat' dir='ltr'><strong>Similiter</strong></span> 
     </span>
     <span class='ocr_line' id='line_1_17' title="bbox 417 1516 1446 1599; baseline 0 -26"><span class='ocrx_word' id='word_1_96' title='bbox 417 1516 746 1576; x_wconf 76' lang='lat' dir='ltr'><strong>Schraderus</strong></span> <span class='ocrx_word' id='word_1_97' title='bbox 789 1544 946 1599; x_wconf 86' lang='lat' dir='ltr'><strong>supra</strong></span> <span class='ocrx_word' id='word_1_98' title='bbox 987 1543 1063 1578; x_wconf 77' lang='lat' dir='ltr'><strong>vs.</strong></span> <span class='ocrx_word' id='word_1_99' title='bbox 1104 1526 1205 1578; x_wconf 86' lang='lat'><strong>681</strong></span> <span class='ocrx_word' id='word_1_100' title='bbox 1249 1528 1446 1595; x_wconf 72' lang='lat' dir='ltr'><strong>tingitur</strong></span> 
     </span>
     <span class='ocr_line' id='line_1_18' title="bbox 416 1605 1442 1675; baseline 0.005 -23"><span class='ocrx_word' id='word_1_101' title='bbox 416 1618 673 1671; x_wconf 80' lang='lat' dir='ltr'><strong>reponere</strong></span> <span class='ocrx_word' id='word_1_102' title='bbox 705 1622 803 1675; x_wconf 86' lang='lat' dir='ltr'><strong>pro</strong></span> <span class='ocrx_word' id='word_1_103' title='bbox 836 1608 1046 1673; x_wconf 73' lang='lat' dir='ltr'><strong>cingitur</strong></span> <span class='ocrx_word' id='word_1_104' title='bbox 1060 1605 1272 1658; x_wconf 77' lang='lat' dir='ltr'><strong>volebat</strong></span> <span class='ocrx_word' id='word_1_105' title='bbox 1293 1642 1308 1667; x_wconf 90' lang='lat'><strong>,</strong></span> <span class='ocrx_word' id='word_1_106' title='bbox 1333 1624 1442 1657; x_wconf 87' lang='lat' dir='ltr'><strong>nou</strong></span> 
     </span>
     <span class='ocr_line' id='line_1_19' title="bbox 419 1681 1442 1753; baseline 0.004 -22"><span class='ocrx_word' id='word_1_107' title='bbox 419 1681 617 1749; x_wconf 75' lang='lat' dir='ltr'><strong>optima</strong></span> <span class='ocrx_word' id='word_1_108' title='bbox 657 1700 855 1738; x_wconf 75' lang='lat' dir='ltr'><strong>caussa.</strong></span> <span class='ocrx_word' id='word_1_109' title='bbox 897 1684 1004 1737; x_wconf 88' lang='lat' dir='ltr'><strong>Pro</strong></span> <span class='ocrx_word' id='word_1_110' title='bbox 1028 1686 1172 1753; x_wconf 55' lang='lat' dir='ltr'><strong>silici</strong></span> <span class='ocrx_word' id='word_1_111' title='bbox 1205 1700 1332 1737; x_wconf 78' lang='lat' dir='ltr'><strong>terra</strong></span> <span class='ocrx_word' id='word_1_112' title='bbox 1369 1704 1442 1735; x_wconf 81' lang='lat' dir='ltr'><strong>re-</strong></span> 
     </span>
     <span class='ocr_line' id='line_1_20' title="bbox 417 1760 1442 1830; baseline 0.006 -23"><span class='ocrx_word' id='word_1_113' title='bbox 417 1762 620 1821; x_wconf 76' lang='lat' dir='ltr'><strong>cumbit,</strong></span> <span class='ocrx_word' id='word_1_114' title='bbox 643 1760 920 1815; x_wconf 80' lang='lat' dir='ltr'><strong>Vadianus</strong></span> <span class='ocrx_word' id='word_1_115' title='bbox 954 1764 1096 1830; x_wconf 75' lang='lat' dir='ltr'><strong>felix</strong></span> <span class='ocrx_word' id='word_1_116' title='bbox 1149 1768 1257 1815; x_wconf 73' lang='lat' dir='ltr'><strong>koec</strong></span> <span class='ocrx_word' id='word_1_117' title='bbox 1310 1779 1442 1815; x_wconf 78' lang='lat' dir='ltr'><strong>ter-m</strong></span> 
     </span>
     <span class='ocr_line' id='line_1_21' title="bbox 415 1842 1440 1914; baseline 0.005 -26"><span class='ocrx_word' id='word_1_118' title='bbox 415 1843 675 1902; x_wconf 74' lang='lat' dir='ltr'><strong>recumbit,</strong></span> <span class='ocrx_word' id='word_1_119' title='bbox 725 1842 820 1895; x_wconf 88' lang='lat' dir='ltr'><strong>sed</strong></span> <span class='ocrx_word' id='word_1_120' title='bbox 885 1842 1014 1895; x_wconf 89' lang='lat' dir='ltr'><strong>illud</strong></span> <span class='ocrx_word' id='word_1_121' title='bbox 1076 1843 1214 1914; x_wconf 82' lang='lat' dir='ltr'><strong>stylo</strong></span> <span class='ocrx_word' id='word_1_122' title='bbox 1252 1844 1440 1895; x_wconf 78' lang='lat' dir='ltr'><strong>Avieni</strong></span> 
     </span>
     <span class='ocr_line' id='line_1_22' title="bbox 415 1914 643 1989; baseline 0.013 -21"><span class='ocrx_word' id='word_1_123' title='bbox 415 1914 643 1989; x_wconf 79' lang='lat' dir='ltr'><strong>dignius.</strong></span> 
     </span>
    </p>

    <p class='ocr_par' dir='ltr' id='par_1_8' title="bbox 415 1996 1445 2776">
     <span class='ocr_line' id='line_1_23' title="bbox 493 1996 1444 2063; baseline 0.003 -22"><span class='ocrx_word' id='word_1_124' title='bbox 493 2008 516 2041; x_wconf 86' lang='lat'>1</span> <span class='ocrx_word' id='word_1_125' title='bbox 531 2008 552 2041; x_wconf 89' lang='lat'>1</span> <span class='ocrx_word' id='word_1_126' title='bbox 566 2008 644 2043; x_wconf 74' lang='lat'><strong>12.</strong></span> <span class='ocrx_word' id='word_1_127' title='bbox 683 1996 844 2045; x_wconf 79' lang='lat' dir='ltr'><strong>Tellus</strong></span> <span class='ocrx_word' id='word_1_128' title='bbox 891 1996 970 2045; x_wconf 70' lang='lat' dir='ltr'><strong>lu&#39;e</strong></span> <span class='ocrx_word' id='word_1_129' title='bbox 1020 2013 1206 2062; x_wconf 79' lang='lat' dir='ltr'><strong>semper</strong></span> <span class='ocrx_word' id='word_1_130' title='bbox 1245 1998 1444 2063; x_wconf 75' lang='lat' dir='ltr'><strong>flagrat</strong></span> 
     </span>
     <span class='ocr_line' id='line_1_24' title="bbox 415 2070 1444 2139; baseline 0.009 -22"><span class='ocrx_word' id='word_1_131' title='bbox 415 2070 568 2119; x_wconf 79' lang='lat' dir='ltr'><strong>odom</strong></span> <span class='ocrx_word' id='word_1_132' title='bbox 591 2074 796 2139; x_wconf 77' lang='lat' dir='ltr'><strong>Cespite.</strong></span> <span class='ocrx_word' id='word_1_133' title='bbox 815 2072 902 2125; x_wconf 83' lang='lat' dir='ltr'><strong>Sic</strong></span> <span class='ocrx_word' id='word_1_134' title='bbox 921 2074 1117 2125; x_wconf 85' lang='lat' dir='ltr'><strong>habent</strong></span> <span class='ocrx_word' id='word_1_135' title='bbox 1131 2092 1313 2126; x_wconf 86' lang='lat' dir='ltr'><strong>omnes</strong></span> <span class='ocrx_word' id='word_1_136' title='bbox 1335 2072 1444 2125; x_wconf 89' lang='lat' dir='ltr'><strong>edi-</strong></span> 
     </span>
     <span class='ocr_line' id='line_1_25' title="bbox 416 2148 1442 2215; baseline 0.007 -17"><span class='ocrx_word' id='word_1_137' title='bbox 416 2148 622 2215; x_wconf 87' lang='lat' dir='ltr'><strong>tiones,</strong></span> <span class='ocrx_word' id='word_1_138' title='bbox 663 2164 715 2203; x_wconf 88' lang='lat' dir='ltr'><strong>et</strong></span> <span class='ocrx_word' id='word_1_139' title='bbox 759 2150 923 2205; x_wconf 85' lang='lat' dir='ltr'><strong>edidit</strong></span> <span class='ocrx_word' id='word_1_140' title='bbox 953 2154 1114 2205; x_wconf 88' lang='lat' dir='ltr'><strong>etiam</strong></span> <span class='ocrx_word' id='word_1_141' title='bbox 1154 2152 1322 2205; x_wconf 83' lang='lat' dir='ltr'><strong>Huds.</strong></span> <span class='ocrx_word' id='word_1_142' title='bbox 1349 2152 1442 2205; x_wconf 87' lang='lat' dir='ltr'><strong>sed</strong></span> 
     </span>
     <span class='ocr_line' id='line_1_26' title="bbox 416 2231 1444 2303; baseline 0.004 -24"><span class='ocrx_word' id='word_1_143' title='bbox 416 2246 548 2297; x_wconf 87' lang='lat' dir='ltr'><strong>puer</strong></span> <span class='ocrx_word' id='word_1_144' title='bbox 592 2231 820 2303; x_wconf 79' lang='lat' dir='ltr'><strong>corrigat</strong></span> <span class='ocrx_word' id='word_1_145' title='bbox 854 2234 1093 2301; x_wconf 66' lang='lat' dir='ltr'><strong>fragras,</strong></span> <span class='ocrx_word' id='word_1_146' title='bbox 1134 2244 1194 2283; x_wconf 87' lang='lat' dir='ltr'><strong>ut</strong></span> <span class='ocrx_word' id='word_1_147' title='bbox 1235 2232 1444 2302; x_wconf 85' lang='lat' dir='ltr'><strong>Higtius</strong></span> 
     </span>
     <span class='ocr_line' id='line_1_27' title="bbox 419 2306 1441 2382; baseline 0.006 -24"><span class='ocrx_word' id='word_1_148' title='bbox 419 2318 472 2358; x_wconf 89' lang='lat' dir='ltr'><strong>et</strong></span> <span class='ocrx_word' id='word_1_149' title='bbox 497 2306 680 2361; x_wconf 84' lang='lat' dir='ltr'><strong>Heius.</strong></span> <span class='ocrx_word' id='word_1_150' title='bbox 719 2310 788 2363; x_wconf 83' lang='lat' dir='ltr'><strong>ad</strong></span> <span class='ocrx_word' id='word_1_151' title='bbox 819 2310 1008 2363; x_wconf 81' lang='lat' dir='ltr'><strong>Claud.</strong></span> <span class='ocrx_word' id='word_1_152' title='bbox 1034 2309 1103 2365; x_wconf 90' lang='lat' dir='ltr'><strong>de</strong></span> <span class='ocrx_word' id='word_1_153' title='bbox 1129 2322 1280 2382; x_wconf 83' lang='lat' dir='ltr'><strong>nupt.</strong></span> <span class='ocrx_word' id='word_1_154' title='bbox 1299 2312 1441 2364; x_wconf 85' lang='lat' dir='ltr'><strong>Hon.</strong></span> 
     </span>
     <span class='ocr_line' id='line_1_28' title="bbox 419 2386 1444 2458; baseline 0.004 -20"><span class='ocrx_word' id='word_1_155' title='bbox 419 2397 472 2438; x_wconf 88' lang='lat' dir='ltr'><strong>et</strong></span> <span class='ocrx_word' id='word_1_156' title='bbox 505 2386 642 2439; x_wconf 83' lang='lat' dir='ltr'><strong>Mar.</strong></span> <span class='ocrx_word' id='word_1_157' title='bbox 680 2408 755 2442; x_wconf 82' lang='lat' dir='ltr'><strong>vs.</strong></span> <span class='ocrx_word' id='word_1_158' title='bbox 793 2393 882 2458; x_wconf 84' lang='lat'><strong>96.</strong></span> <span class='ocrx_word' id='word_1_159' title='bbox 919 2391 1077 2444; x_wconf 73' lang='lat' dir='ltr'><strong>Scan.</strong></span> <span class='ocrx_word' id='word_1_160' title='bbox 1101 2390 1330 2443; x_wconf 77' lang='lat' dir='ltr'><strong>-vad.</strong></span> <span class='ocrx_word' id='word_1_161' title='bbox 1371 2392 1444 2443; x_wconf 81' lang='lat' dir='ltr'><strong>sic</strong></span> 
     </span>
     <span class='ocr_line' id='line_1_29' title="bbox 419 2463 1444 2537; baseline 0.005 -19"><span class='ocrx_word' id='word_1_162' title='bbox 419 2463 695 2537; x_wconf 76' lang='lat' dir='ltr'><strong>distinguit</strong></span> <span class='ocrx_word' id='word_1_163' title='bbox 734 2469 880 2522; x_wconf 84' lang='lat' dir='ltr'><strong>hune</strong></span> <span class='ocrx_word' id='word_1_164' title='bbox 911 2487 1122 2523; x_wconf 78' lang='lat' dir='ltr'><strong>versum</strong></span> <span class='ocrx_word' id='word_1_165' title='bbox 1144 2490 1156 2523; x_wconf 91' lang='lat'><strong>:</strong></span> <span class='ocrx_word' id='word_1_166' title='bbox 1179 2471 1337 2523; x_wconf 76' lang='lat' dir='ltr'><strong>«felix</strong></span> <span class='ocrx_word' id='word_1_167' title='bbox 1357 2471 1444 2523; x_wconf 88' lang='lat' dir='ltr'><strong>hic</strong></span> 
     </span>
     <span class='ocr_line' id='line_1_30' title="bbox 419 2543 1445 2614; baseline 0.008 -18"><span class='ocrx_word' id='word_1_168' title='bbox 419 2557 562 2598; x_wconf 78' lang='lat' dir='ltr'><strong>terra</strong></span> <span class='ocrx_word' id='word_1_169' title='bbox 605 2543 902 2614; x_wconf 83' lang='lat' dir='ltr'><strong>recumbit,</strong></span> <span class='ocrx_word' id='word_1_170' title='bbox 945 2549 1082 2602; x_wconf 79' lang='lat' dir='ltr'><strong>Tota</strong></span> <span class='ocrx_word' id='word_1_171' title='bbox 1129 2552 1242 2604; x_wconf 84' lang='lat' dir='ltr'><strong>solo</strong></span> <span class='ocrx_word' id='word_1_172' title='bbox 1290 2551 1445 2604; x_wconf 88' lang='lat' dir='ltr'><strong>tellus</strong></span> 
     </span>
     <span class='ocr_line' id='line_1_31' title="bbox 421 2623 1443 2700; baseline 0.008 -24"><span class='ocrx_word' id='word_1_173' title='bbox 421 2623 512 2676; x_wconf 85' lang='lat' dir='ltr'><strong>hic</strong></span> <span class='ocrx_word' id='word_1_174' title='bbox 534 2643 740 2697; x_wconf 81' lang='lat' dir='ltr'><strong>semper</strong></span> <span class='ocrx_word' id='word_1_175' title='bbox 755 2625 942 2700; x_wconf 76' lang='lat' dir='ltr'><strong>flagrat</strong></span> <span class='ocrx_word' id='word_1_176' title='bbox 954 2628 1126 2682; x_wconf 88' lang='lat' dir='ltr'><strong>odoro</strong></span> <span class='ocrx_word' id='word_1_177' title='bbox 1135 2629 1279 2697; x_wconf 81' lang='lat' dir='ltr'><strong>·,sed</strong></span> <span class='ocrx_word' id='word_1_178' title='bbox 1293 2631 1443 2684; x_wconf 85' lang='lat' dir='ltr'><strong>male.</strong></span> 
     </span>
     <span class='ocr_line' id='line_1_32' title="bbox 417 2703 1174 2776; baseline 0.009 -20"><span class='ocrx_word' id='word_1_179' title='bbox 417 2703 622 2758; x_wconf 83' lang='lat' dir='ltr'><strong>Deinde</strong></span> <span class='ocrx_word' id='word_1_180' title='bbox 633 2709 832 2776; x_wconf 69' lang='lat' dir='ltr'><strong>flagrat</strong></span> <span class='ocrx_word' id='word_1_181' title='bbox 847 2729 1032 2764; x_wconf 85' lang='lat' dir='ltr'><strong>omnes</strong></span> <span class='ocrx_word' id='word_1_182' title='bbox 1051 2707 1174 2763; x_wconf 85' lang='lat' dir='ltr'><strong>edd.</strong></span> 
     </span>
    </p>

    <p class='ocr_par' dir='ltr' id='par_1_9' title="bbox 419 2786 1458 4210">
     <span class='ocr_line' id='line_1_33' title="bbox 495 2786 1445 2860; baseline 0.007 -24"><span class='ocrx_word' id='word_1_183' title='bbox 495 2803 518 2836; x_wconf 85' lang='lat'>1</span> <span class='ocrx_word' id='word_1_184' title='bbox 533 2803 554 2836; x_wconf 89' lang='lat'>1</span> <span class='ocrx_word' id='word_1_185' title='bbox 567 2786 647 2839; x_wconf 83' lang='lat'><strong>13.</strong></span> <span class='ocrx_word' id='word_1_186' title='bbox 686 2791 956 2858; x_wconf 73' lang='lat' dir='ltr'><strong>Prorumpit</strong></span> <span class='ocrx_word' id='word_1_187' title='bbox 987 2795 1262 2855; x_wconf 76' lang='lat' dir='ltr'><strong>lacrymoso</strong></span> <span class='ocrx_word' id='word_1_188' title='bbox 1290 2796 1445 2860; x_wconf 76' lang='lat' dir='ltr'><strong>stipite</strong></span> 
     </span>
     <span class='ocr_line' id='line_1_34' title="bbox 419 2867 1442 2943; baseline 0.013 -31"><span class='ocrx_word' id='word_1_189' title='bbox 419 2868 634 2927; x_wconf 69' lang='lat' dir='ltr'><strong>myrrha.</strong></span> <span class='ocrx_word' id='word_1_190' title='bbox 685 2867 934 2923; x_wconf 72' lang='lat' dir='ltr'><strong>Heinsius</strong></span> <span class='ocrx_word' id='word_1_191' title='bbox 981 2891 1128 2938; x_wconf 79' lang='lat' dir='ltr'><strong>prore</strong></span> <span class='ocrx_word' id='word_1_192' title='bbox 1169 2875 1199 2922; x_wconf 78' lang='lat' dir='ltr'><strong>&#39;t</strong></span> <span class='ocrx_word' id='word_1_193' title='bbox 1218 2893 1236 2922; x_wconf 87' lang='lat'><strong>.-</strong></span> <span class='ocrx_word' id='word_1_194' title='bbox 1282 2891 1442 2943; x_wconf 83' lang='lat' dir='ltr'><strong>quam</strong></span> 
     </span>
     <span class='ocr_line' id='line_1_35' title="bbox 419 2943 1448 3004; baseline 0.01 -10"><span class='ocrx_word' id='word_1_195' title='bbox 419 2943 696 2998; x_wconf 84' lang='lat' dir='ltr'><strong>lectionem</strong></span> <span class='ocrx_word' id='word_1_196' title='bbox 766 2948 923 3001; x_wconf 84' lang='lat' dir='ltr'><strong>etiam</strong></span> <span class='ocrx_word' id='word_1_197' title='bbox 981 2968 1120 3003; x_wconf 89' lang='lat' dir='ltr'><strong>mem</strong></span> <span class='ocrx_word' id='word_1_198' title='bbox 1160 2963 1242 3004; x_wconf 83' lang='lat' dir='ltr'><strong>rat</strong></span> <span class='ocrx_word' id='word_1_199' title='bbox 1296 2951 1448 3004; x_wconf 86' lang='lat' dir='ltr'><strong>Hud-</strong></span> 
     </span>
     <span class='ocr_line' id='line_1_36' title="bbox 421 3025 1444 3098; baseline 0.01 -24"><span class='ocrx_word' id='word_1_200' title='bbox 421 3039 598 3076; x_wconf 84' lang='lat' dir='ltr'><strong>sonus.</strong></span> <span class='ocrx_word' id='word_1_201' title='bbox 641 3025 754 3098; x_wconf 73' lang='lat' dir='ltr'><strong>Ego</strong></span> <span class='ocrx_word' id='word_1_202' title='bbox 791 3032 1011 3096; x_wconf 76' lang='lat' dir='ltr'><strong>prorepit</strong></span> <span class='ocrx_word' id='word_1_203' title='bbox 1063 3048 1172 3082; x_wconf 85' lang='lat' dir='ltr'><strong>nou</strong></span> <span class='ocrx_word' id='word_1_204' title='bbox 1224 3031 1444 3085; x_wconf 79' lang='lat' dir='ltr'><strong>invenu-</strong></span> 
     </span>
     <span class='ocr_line' id='line_1_37' title="bbox 421 3107 1448 3179; baseline 0.009 -25"><span class='ocrx_word' id='word_1_205' title='bbox 421 3113 564 3155; x_wconf 86' lang='lat' dir='ltr'><strong>stum</strong></span> <span class='ocrx_word' id='word_1_206' title='bbox 598 3119 761 3176; x_wconf 82' lang='lat' dir='ltr'><strong>puto,</strong></span> <span class='ocrx_word' id='word_1_207' title='bbox 796 3107 888 3160; x_wconf 81' lang='lat' dir='ltr'><strong>sed</strong></span> <span class='ocrx_word' id='word_1_208' title='bbox 911 3127 1080 3179; x_wconf 87' lang='lat' dir='ltr'><strong>quum</strong></span> <span class='ocrx_word' id='word_1_209' title='bbox 1105 3110 1314 3165; x_wconf 82' lang='lat' dir='ltr'><strong>codices</strong></span> <span class='ocrx_word' id='word_1_210' title='bbox 1336 3111 1448 3164; x_wconf 84' lang='lat' dir='ltr'><strong>vul·</strong></span> 
     </span>
     <span class='ocr_line' id='line_1_38' title="bbox 420 3187 1441 3252; baseline 0.007 -16"><span class='ocrx_word' id='word_1_211' title='bbox 420 3193 603 3252; x_wconf 76' lang='lat' dir='ltr'><strong>gatum</strong></span> <span class='ocrx_word' id='word_1_212' title='bbox 627 3198 866 3252; x_wconf 74' lang='lat' dir='ltr'><strong>servs-t,</strong></span> <span class='ocrx_word' id='word_1_213' title='bbox 887 3187 1021 3240; x_wconf 86' lang='lat' dir='ltr'><strong>nihil</strong></span> <span class='ocrx_word' id='word_1_214' title='bbox 1043 3206 1255 3243; x_wconf 75' lang='lat' dir='ltr'><strong>moveo.</strong></span> <span class='ocrx_word' id='word_1_215' title='bbox 1279 3191 1441 3244; x_wconf 79' lang='lat' dir='ltr'><strong>Scun.</strong></span> 
     </span>
     <span class='ocr_line' id='line_1_39' title="bbox 423 3271 1445 3336; baseline 0.008 -21"><span class='ocrx_word' id='word_1_216' title='bbox 423 3295 493 3306; x_wconf 89' lang='lat'><strong>--</strong></span> <span class='ocrx_word' id='word_1_217' title='bbox 540 3271 835 3333; x_wconf 66' lang='lat' dir='ltr'><strong>Lae-muoso</strong></span> <span class='ocrx_word' id='word_1_218' title='bbox 883 3271 1042 3336; x_wconf 76' lang='lat' dir='ltr'><strong>stipite</strong></span> <span class='ocrx_word' id='word_1_219' title='bbox 1086 3275 1300 3336; x_wconf 70' lang='lat' dir='ltr'><strong>myrrha.</strong></span> <span class='ocrx_word' id='word_1_220' title='bbox 1358 3272 1445 3323; x_wconf 86' lang='lat' dir='ltr'><strong>Sic</strong></span> 
     </span>
     <span class='ocr_line' id='line_1_40' title="bbox 421 3343 1446 3420; baseline 0.004 -24"><span class='ocrx_word' id='word_1_221' title='bbox 421 3343 576 3397; x_wconf 85' lang='lat' dir='ltr'><strong>Ovid.</strong></span> <span class='ocrx_word' id='word_1_222' title='bbox 600 3345 737 3398; x_wconf 82' lang='lat' dir='ltr'><strong>Fast.</strong></span> <span class='ocrx_word' id='word_1_223' title='bbox 759 3348 806 3412; x_wconf 90' lang='lat'><strong>1,</strong></span> <span class='ocrx_word' id='word_1_224' title='bbox 819 3347 940 3415; x_wconf 83' lang='lat'><strong>339,</strong></span> <span class='ocrx_word' id='word_1_225' title='bbox 963 3349 1312 3420; x_wconf 67' lang='lat' dir='ltr'><strong>«lacrymatus</strong></span> <span class='ocrx_word' id='word_1_226' title='bbox 1335 3368 1446 3402; x_wconf 88' lang='lat' dir='ltr'><strong>cor-</strong></span> 
     </span>
     <span class='ocr_line' id='line_1_41' title="bbox 424 3423 1442 3501; baseline 0.005 -25"><span class='ocrx_word' id='word_1_227' title='bbox 424 3423 526 3476; x_wconf 78' lang='lat' dir='ltr'><strong>tice</strong></span> <span class='ocrx_word' id='word_1_228' title='bbox 568 3425 865 3494; x_wconf 74' lang='lat' dir='ltr'><strong>myrrhas».</strong></span> <span class='ocrx_word' id='word_1_229' title='bbox 887 3427 954 3478; x_wconf 88' lang='lat' dir='ltr'><strong>Et</strong></span> <span class='ocrx_word' id='word_1_230' title='bbox 977 3425 1046 3480; x_wconf 86' lang='lat' dir='ltr'><strong>de</strong></span> <span class='ocrx_word' id='word_1_231' title='bbox 1073 3426 1327 3501; x_wconf 80' lang='lat' dir='ltr'><strong>Myrrha,</strong></span> <span class='ocrx_word' id='word_1_232' title='bbox 1355 3429 1442 3481; x_wconf 84' lang='lat' dir='ltr'><strong>Ci-</strong></span> 
     </span>
     <span class='ocr_line' id='line_1_42' title="bbox 421 3502 1444 3580; baseline 0.008 -28"><span class='ocrx_word' id='word_1_233' title='bbox 421 3519 568 3571; x_wconf 72' lang='lat' dir='ltr'><strong>nyroe</strong></span> <span class='ocrx_word' id='word_1_234' title='bbox 587 3502 778 3569; x_wconf 80' lang='lat' dir='ltr'><strong>fllia‚in</strong></span> <span class='ocrx_word' id='word_1_235' title='bbox 798 3505 1042 3558; x_wconf 80' lang='lat' dir='ltr'><strong>arborem</strong></span> <span class='ocrx_word' id='word_1_236' title='bbox 1064 3506 1444 3580; x_wconf 66' lang='lat' dir='ltr'><strong>lacrymantem</strong></span> 
     </span>
     <span class='ocr_line' id='line_1_43' title="bbox 425 3578 1447 3648; baseline 0.008 -18"><span class='ocrx_word' id='word_1_237' title='bbox 425 3597 574 3632; x_wconf 80' lang='lat' dir='ltr'><strong>versa</strong></span> <span class='ocrx_word' id='word_1_238' title='bbox 617 3578 759 3634; x_wconf 88' lang='lat' dir='ltr'><strong>idem</strong></span> <span class='ocrx_word' id='word_1_239' title='bbox 799 3583 926 3636; x_wconf 85' lang='lat' dir='ltr'><strong>Met.</strong></span> <span class='ocrx_word' id='word_1_240' title='bbox 970 3586 1020 3637; x_wconf 87' lang='lat' dir='ltr'>X</span> <span class='ocrx_word' id='word_1_241' title='bbox 1040 3623 1055 3648; x_wconf 91' lang='lat'><strong>,</strong></span> <span class='ocrx_word' id='word_1_242' title='bbox 1115 3586 1249 3638; x_wconf 76' lang='lat'><strong>500:</strong></span> <span class='ocrx_word' id='word_1_243' title='bbox 1295 3615 1318 3632; x_wconf 81' lang='lat'><strong>..</strong></span> <span class='ocrx_word' id='word_1_244' title='bbox 1334 3587 1447 3640; x_wconf 90' lang='lat' dir='ltr'><strong>Flet</strong></span> 
     </span>
     <span class='ocr_line' id='line_1_44' title="bbox 425 3662 1449 3732; baseline 0.01 -23"><span class='ocrx_word' id='word_1_245' title='bbox 425 3669 596 3711; x_wconf 80' lang='lat' dir='ltr'><strong>tamen</strong></span> <span class='ocrx_word' id='word_1_246' title='bbox 615 3697 632 3720; x_wconf 87' lang='lat'><strong>,</strong></span> <span class='ocrx_word' id='word_1_247' title='bbox 649 3671 701 3712; x_wconf 80' lang='lat' dir='ltr'><strong>et</strong></span> <span class='ocrx_word' id='word_1_248' title='bbox 729 3662 914 3732; x_wconf 76' lang='lat' dir='ltr'><strong>tepidae</strong></span> <span class='ocrx_word' id='word_1_249' title='bbox 936 3676 1156 3718; x_wconf 77' lang='lat' dir='ltr'><strong>manant</strong></span> <span class='ocrx_word' id='word_1_250' title='bbox 1173 3685 1237 3720; x_wconf 83' lang='lat' dir='ltr'><strong>ex</strong></span> <span class='ocrx_word' id='word_1_251' title='bbox 1258 3669 1449 3720; x_wconf 83' lang='lat' dir='ltr'><strong>arbore</strong></span> 
     </span>
     <span class='ocr_line' id='line_1_45' title="bbox 423 3739 1450 3816; baseline 0.013 -30"><span class='ocrx_word' id='word_1_252' title='bbox 423 3747 600 3806; x_wconf 62' lang='lat' dir='ltr'><strong>gutta.</strong></span> <span class='ocrx_word' id='word_1_253' title='bbox 628 3739 722 3792; x_wconf 85' lang='lat' dir='ltr'><strong>Est</strong></span> <span class='ocrx_word' id='word_1_254' title='bbox 747 3741 918 3794; x_wconf 88' lang='lat' dir='ltr'><strong>honor</strong></span> <span class='ocrx_word' id='word_1_255' title='bbox 952 3757 1004 3796; x_wconf 85' lang='lat' dir='ltr'><strong>et</strong></span> <span class='ocrx_word' id='word_1_256' title='bbox 1041 3745 1292 3816; x_wconf 77' lang='lat' dir='ltr'><strong>lacrymis</strong></span> <span class='ocrx_word' id='word_1_257' title='bbox 1307 3783 1322 3810; x_wconf 92' lang='lat'><strong>,</strong></span> <span class='ocrx_word' id='word_1_258' title='bbox 1341 3747 1450 3798; x_wconf 86' lang='lat' dir='ltr'><strong>stil-</strong></span> 
     </span>
     <span class='ocr_line' id='line_1_46' title="bbox 425 3816 1452 3894; baseline 0.01 -27"><span class='ocrx_word' id='word_1_259' title='bbox 425 3816 637 3886; x_wconf 75' lang='lat' dir='ltr'><strong>lataque</strong></span> <span class='ocrx_word' id='word_1_260' title='bbox 659 3820 860 3874; x_wconf 85' lang='lat' dir='ltr'><strong>cortice</strong></span> <span class='ocrx_word' id='word_1_261' title='bbox 887 3823 1103 3894; x_wconf 78' lang='lat' dir='ltr'><strong>myrrha</strong></span> <span class='ocrx_word' id='word_1_262' title='bbox 1127 3825 1338 3878; x_wconf 86' lang='lat' dir='ltr'><strong>Nomen</strong></span> <span class='ocrx_word' id='word_1_263' title='bbox 1365 3827 1452 3877; x_wconf 87' lang='lat' dir='ltr'><strong>he-</strong></span> 
     </span>
     <span class='ocr_line' id='line_1_47' title="bbox 425 3895 1451 3971; baseline 0.011 -25"><span class='ocrx_word' id='word_1_264' title='bbox 425 3895 524 3947; x_wconf 87' lang='lat' dir='ltr'><strong>rile</strong></span> <span class='ocrx_word' id='word_1_265' title='bbox 541 3907 680 3948; x_wconf 82' lang='lat' dir='ltr'><strong>tenet</strong></span> <span class='ocrx_word' id='word_1_266' title='bbox 693 3922 732 3950; x_wconf 68' lang='lat' dir='ltr'><strong>n.</strong></span> <span class='ocrx_word' id='word_1_267' title='bbox 749 3899 852 3954; x_wconf 88' lang='lat' dir='ltr'><strong>W.</strong></span> <span class='ocrx_word' id='word_1_268' title='bbox 865 3931 934 3942; x_wconf 85' lang='lat'><strong>-—</strong></span> <span class='ocrx_word' id='word_1_269' title='bbox 946 3907 1164 3971; x_wconf 77' lang='lat' dir='ltr'><strong>Prot-epit</strong></span> <span class='ocrx_word' id='word_1_270' title='bbox 1179 3909 1451 3969; x_wconf 74' lang='lat' dir='ltr'><strong>lacrymoso</strong></span> 
     </span>
     <span class='ocr_line' id='line_1_48' title="bbox 434 3973 1454 4037; baseline 0.011 -12"><span class='ocrx_word' id='word_1_271' title='bbox 434 3973 676 4028; x_wconf 81' lang='lat' dir='ltr'><strong>emendat</strong></span> <span class='ocrx_word' id='word_1_272' title='bbox 719 3976 900 4034; x_wconf 79' lang='lat' dir='ltr'><strong>Heius.</strong></span> <span class='ocrx_word' id='word_1_273' title='bbox 945 3981 1013 4034; x_wconf 85' lang='lat' dir='ltr'><strong>ad</strong></span> <span class='ocrx_word' id='word_1_274' title='bbox 1048 3982 1239 4037; x_wconf 81' lang='lat' dir='ltr'><strong>Claud.</strong></span> <span class='ocrx_word' id='word_1_275' title='bbox 1284 3983 1351 4036; x_wconf 85' lang='lat' dir='ltr'><strong>de</strong></span> <span class='ocrx_word' id='word_1_276' title='bbox 1391 3985 1454 4036; x_wconf 84' lang='lat' dir='ltr'><strong>N.</strong></span> 
     </span>
     <span class='ocr_line' id='line_1_49' title="bbox 433 4053 1458 4132; baseline 0.01 -27"><span class='ocrx_word' id='word_1_277' title='bbox 433 4053 570 4107; x_wconf 83' lang='lat' dir='ltr'><strong>Hon.</strong></span> <span class='ocrx_word' id='word_1_278' title='bbox 596 4067 647 4108; x_wconf 86' lang='lat' dir='ltr'><strong>et</strong></span> <span class='ocrx_word' id='word_1_279' title='bbox 673 4057 805 4112; x_wconf 74' lang='lat' dir='ltr'><strong>Mar.</strong></span> <span class='ocrx_word' id='word_1_280' title='bbox 834 4065 920 4127; x_wconf 81' lang='grc'><strong>96,</strong></span> <span class='ocrx_word' id='word_1_281' title='bbox 937 4061 1028 4113; x_wconf 82' lang='lat' dir='ltr'><strong>ubi</strong></span> <span class='ocrx_word' id='word_1_282' title='bbox 1056 4062 1246 4132; x_wconf 76' lang='lat' dir='ltr'><strong>legitur</strong></span> <span class='ocrx_word' id='word_1_283' title='bbox 1265 4081 1282 4114; x_wconf 76' lang='grc' dir='ltr'><strong><em>ε</em></strong></span> <span class='ocrx_word' id='word_1_284' title='bbox 1299 4063 1458 4115; x_wconf 67' lang='lat' dir='ltr'><strong>«Tar-</strong></span> 
     </span>
     <span class='ocr_line' id='line_1_50' title="bbox 433 4131 1458 4210; baseline 0.008 -24"><span class='ocrx_word' id='word_1_285' title='bbox 433 4131 608 4204; x_wconf 79' lang='lat' dir='ltr'><strong>daque</strong></span> <span class='ocrx_word' id='word_1_286' title='bbox 649 4137 858 4190; x_wconf 81' lang='lat' dir='ltr'><strong>sudanti</strong></span> <span class='ocrx_word' id='word_1_287' title='bbox 895 4151 1187 4210; x_wconf 87' lang='lat' dir='ltr'><strong>prorepunt</strong></span> <span class='ocrx_word' id='word_1_288' title='bbox 1228 4141 1458 4194; x_wconf 73' lang='lat' dir='ltr'><strong>balsama</strong></span> 
     </span>
    </p>
   </div>
   <div class='ocr_carea' id='block_1_8' title="bbox 1530 1186 2569 4212">
    <p class='ocr_par' dir='ltr' id='par_1_10' title="bbox 1531 1186 2555 1415">
     <span class='ocr_line' id='line_1_51' title="bbox 1532 1186 2552 1276; baseline 0.006 -23"><span class='ocrx_word' id='word_1_289' title='bbox 1532 1204 1617 1255; x_wconf 79' lang='lat' dir='ltr'><strong>sit.</strong></span> <span class='ocrx_word' id='word_1_290' title='bbox 1660 1204 1813 1276; x_wconf 78' lang='lat' dir='ltr'><strong>Virg.</strong></span> <span class='ocrx_word' id='word_1_291' title='bbox 1853 1208 1974 1259; x_wconf 84' lang='lat' dir='ltr'><strong>AEn.</strong></span> <span class='ocrx_word' id='word_1_292' title='bbox 2010 1186 2067 1259; x_wconf 43' lang='lat' dir='ltr'><strong>’V</strong></span> <span class='ocrx_word' id='word_1_293' title='bbox 2102 1208 2162 1272; x_wconf 87' lang='lat'><strong>1,</strong></span> <span class='ocrx_word' id='word_1_294' title='bbox 2205 1207 2339 1275; x_wconf 71' lang='lat'><strong>4593</strong></span> <span class='ocrx_word' id='word_1_295' title='bbox 2370 1209 2552 1260; x_wconf 83' lang='lat' dir='ltr'><strong>senec.</strong></span> 
     </span>
     <span class='ocr_line' id='line_1_52' title="bbox 1531 1282 2555 1357; baseline 0.004 -24"><span class='ocrx_word' id='word_1_296' title='bbox 1531 1282 1728 1335; x_wconf 78' lang='lat' dir='ltr'><strong>Troad.</strong></span> <span class='ocrx_word' id='word_1_297' title='bbox 1754 1284 1905 1348; x_wconf 83' lang='lat'><strong>1156;</strong></span> <span class='ocrx_word' id='word_1_298' title='bbox 1926 1284 2057 1337; x_wconf 77' lang='lat' dir='ltr'><strong>Clau</strong></span> <span class='ocrx_word' id='word_1_299' title='bbox 2102 1326 2115 1337; x_wconf 98' lang='lat'><strong>.</strong></span> <span class='ocrx_word' id='word_1_300' title='bbox 2134 1286 2555 1357; x_wconf 82' lang='lat' dir='ltr'><strong>Rap.Pros.111‚</strong></span> 
     </span>
     <span class='ocr_line' id='line_1_53' title="bbox 1540 1364 1659 1415; baseline 0.025 -3"><span class='ocrx_word' id='word_1_301' title='bbox 1540 1364 1659 1415; x_wconf 75' lang='lat'><strong>128.</strong></span> 
     </span>
    </p>

    <p class='ocr_par' dir='ltr' id='par_1_11' title="bbox 1530 1438 2569 4212">
     <span class='ocr_line' id='line_1_54' title="bbox 1608 1438 2558 1504; baseline 0.003 -18"><span class='ocrx_word' id='word_1_302' title='bbox 1608 1442 1758 1498; x_wconf 79' lang='grc'><strong>1114.</strong></span> <span class='ocrx_word' id='word_1_303' title='bbox 1782 1440 1985 1501; x_wconf 74' lang='lat' dir='ltr'><strong>Myrrha</strong></span> <span class='ocrx_word' id='word_1_304' title='bbox 2007 1438 2162 1504; x_wconf 78' lang='lat' dir='ltr'><strong>furor</strong></span> <span class='ocrx_word' id='word_1_305' title='bbox 2190 1440 2440 1504; x_wconf 74' lang='lat' dir='ltr'><strong>quondam</strong></span> <span class='ocrx_word' id='word_1_306' title='bbox 2482 1439 2558 1489; x_wconf 73' lang='lat' dir='ltr'><strong>Ca·-</strong></span> 
     </span>
     <span class='ocr_line' id='line_1_55' title="bbox 1532 1514 2559 1577; baseline 0.004 -16"><span class='ocrx_word' id='word_1_307' title='bbox 1532 1517 1747 1575; x_wconf 73' lang='lat' dir='ltr'><strong>nyreius.</strong></span> <span class='ocrx_word' id='word_1_308' title='bbox 1790 1514 1870 1567; x_wconf 84' lang='lat' dir='ltr'><strong>Ita</strong></span> <span class='ocrx_word' id='word_1_309' title='bbox 1920 1514 2135 1568; x_wconf 80' lang='lat' dir='ltr'><strong>Salmas.</strong></span> <span class='ocrx_word' id='word_1_310' title='bbox 2192 1516 2245 1567; x_wconf 88' lang='lat' dir='ltr'><strong>in</strong></span> <span class='ocrx_word' id='word_1_311' title='bbox 2293 1515 2559 1577; x_wconf 88' lang='lat' dir='ltr'><strong>Solinum,</strong></span> 
     </span>
     <span class='ocr_line' id='line_1_56' title="bbox 1532 1592 2557 1666; baseline 0.002 -25"><span class='ocrx_word' id='word_1_312' title='bbox 1532 1610 1581 1661; x_wconf 88' lang='lat' dir='ltr'><strong>p.</strong></span> <span class='ocrx_word' id='word_1_313' title='bbox 1610 1592 1729 1645; x_wconf 85' lang='grc'><strong>663.</strong></span> <span class='ocrx_word' id='word_1_314' title='bbox 1754 1594 1911 1664; x_wconf 78' lang='lat' dir='ltr'><strong>vulg.</strong></span> <span class='ocrx_word' id='word_1_315' title='bbox 1950 1607 2004 1646; x_wconf 83' lang='lat' dir='ltr'><strong>et</strong></span> <span class='ocrx_word' id='word_1_316' title='bbox 2038 1594 2201 1666; x_wconf 84' lang='lat' dir='ltr'><strong>Cusp.</strong></span> <span class='ocrx_word' id='word_1_317' title='bbox 2246 1597 2557 1659; x_wconf 77' lang='lat' dir='ltr'><strong>Memyreius.</strong></span> 
     </span>
     <span class='ocr_line' id='line_1_57' title="bbox 1530 1670 2559 1743; baseline 0.002 -20"><span class='ocrx_word' id='word_1_318' title='bbox 1530 1670 1703 1725; x_wconf 67' lang='lat' dir='ltr'><strong>Hans.</strong></span> <span class='ocrx_word' id='word_1_319' title='bbox 1746 1702 1817 1713; x_wconf 85' lang='lat'><strong>--</strong></span> <span class='ocrx_word' id='word_1_320' title='bbox 1860 1674 2054 1726; x_wconf 86' lang='lat' dir='ltr'><strong>Dubito</strong></span> <span class='ocrx_word' id='word_1_321' title='bbox 2073 1714 2089 1739; x_wconf 99' lang='lat'><strong>,</strong></span> <span class='ocrx_word' id='word_1_322' title='bbox 2144 1674 2361 1727; x_wconf 85' lang='lat' dir='ltr'><strong>cuinam</strong></span> <span class='ocrx_word' id='word_1_323' title='bbox 2401 1674 2559 1743; x_wconf 88' lang='lat' dir='ltr'><strong>hujus</strong></span> 
     </span>
     <span class='ocr_line' id='line_1_58' title="bbox 1534 1750 2557 1824; baseline 0.002 -21"><span class='ocrx_word' id='word_1_324' title='bbox 1534 1750 1915 1805; x_wconf 77' lang='lat' dir='ltr'><strong>emendationis</strong></span> <span class='ocrx_word' id='word_1_325' title='bbox 1944 1754 2171 1806; x_wconf 83' lang='lat' dir='ltr'><strong>tribuam</strong></span> <span class='ocrx_word' id='word_1_326' title='bbox 2208 1754 2425 1824; x_wconf 78' lang='lat' dir='ltr'><strong>gloriam</strong></span> <span class='ocrx_word' id='word_1_327' title='bbox 2438 1794 2453 1816; x_wconf 94' lang='lat'>‚</span> <span class='ocrx_word' id='word_1_328' title='bbox 2492 1772 2557 1805; x_wconf 83' lang='lat' dir='ltr'><strong>an</strong></span> 
     </span>
     <span class='ocr_line' id='line_1_59' title="bbox 1532 1832 2559 1905; baseline 0.001 -21"><span class='ocrx_word' id='word_1_329' title='bbox 1532 1832 1754 1886; x_wconf 79' lang='lat' dir='ltr'><strong>Salmas.</strong></span> <span class='ocrx_word' id='word_1_330' title='bbox 1776 1832 1845 1885; x_wconf 85' lang='lat' dir='ltr'><strong>ad</strong></span> <span class='ocrx_word' id='word_1_331' title='bbox 1864 1832 1974 1886; x_wconf 89' lang='lat' dir='ltr'><strong>Sol.</strong></span> <span class='ocrx_word' id='word_1_332' title='bbox 1996 1852 2115 1905; x_wconf 75' lang='lat' dir='ltr'><strong>pag.</strong></span> <span class='ocrx_word' id='word_1_333' title='bbox 2135 1836 2269 1903; x_wconf 83' lang='lat'><strong>669,</strong></span> <span class='ocrx_word' id='word_1_334' title='bbox 2302 1835 2352 1886; x_wconf 91' lang='lat' dir='ltr'><strong>b.</strong></span> <span class='ocrx_word' id='word_1_335' title='bbox 2386 1833 2447 1884; x_wconf 90' lang='lat' dir='ltr'><strong>C.</strong></span> <span class='ocrx_word' id='word_1_336' title='bbox 2486 1850 2559 1885; x_wconf 86' lang='lat' dir='ltr'><strong>an</strong></span> 
     </span>
     <span class='ocr_line' id='line_1_60' title="bbox 1532 1911 2562 1983; baseline 0 -20"><span class='ocrx_word' id='word_1_337' title='bbox 1532 1912 1749 1965; x_wconf 77' lang='lat' dir='ltr'><strong>Heinsio</strong></span> <span class='ocrx_word' id='word_1_338' title='bbox 1784 1911 1851 1965; x_wconf 80' lang='lat' dir='ltr'><strong>ad</strong></span> <span class='ocrx_word' id='word_1_339' title='bbox 1900 1912 2088 1965; x_wconf 80' lang='lat' dir='ltr'><strong>Claud.</strong></span> <span class='ocrx_word' id='word_1_340' title='bbox 2127 1913 2293 1983; x_wconf 88' lang='lat' dir='ltr'><strong>Nupt.</strong></span> <span class='ocrx_word' id='word_1_341' title='bbox 2334 1912 2473 1965; x_wconf 86' lang='lat' dir='ltr'><strong>Hon.</strong></span> <span class='ocrx_word' id='word_1_342' title='bbox 2508 1923 2562 1964; x_wconf 88' lang='lat' dir='ltr'><strong>et</strong></span> 
     </span>
     <span class='ocr_line' id='line_1_61' title="bbox 1532 1990 2560 2059; baseline 0.001 -18"><span class='ocrx_word' id='word_1_343' title='bbox 1532 1995 1665 2044; x_wconf 80' lang='lat' dir='ltr'><strong>Mar.</strong></span> <span class='ocrx_word' id='word_1_344' title='bbox 1687 2011 1764 2045; x_wconf 82' lang='lat' dir='ltr'><strong>vs.</strong></span> <span class='ocrx_word' id='word_1_345' title='bbox 1784 1994 1851 2059; x_wconf 90' lang='lat'><strong>96</strong></span> <span class='ocrx_word' id='word_1_346' title='bbox 1868 2032 1881 2057; x_wconf 92' lang='lat'><strong>,</strong></span> <span class='ocrx_word' id='word_1_347' title='bbox 1916 2003 1967 2043; x_wconf 86' lang='lat' dir='ltr'><strong>et</strong></span> <span class='ocrx_word' id='word_1_348' title='bbox 1997 1991 2151 2045; x_wconf 85' lang='lat' dir='ltr'><strong>Ovid.</strong></span> <span class='ocrx_word' id='word_1_349' title='bbox 2182 1992 2307 2045; x_wconf 87' lang='lat' dir='ltr'><strong>Met.</strong></span> <span class='ocrx_word' id='word_1_350' title='bbox 2336 1992 2413 2057; x_wconf 86' lang='lat' dir='ltr'><strong>X,</strong></span> <span class='ocrx_word' id='word_1_351' title='bbox 2440 1990 2560 2052; x_wconf 71' lang='lat'><strong>435.</strong></span> 
     </span>
     <span class='ocr_line' id='line_1_62' title="bbox 1533 2070 2558 2145; baseline -0.001 -23"><span class='ocrx_word' id='word_1_352' title='bbox 1533 2070 1619 2123; x_wconf 78' lang='lat' dir='ltr'><strong>Cf.</strong></span> <span class='ocrx_word' id='word_1_353' title='bbox 1649 2084 1702 2123; x_wconf 88' lang='lat' dir='ltr'><strong>et</strong></span> <span class='ocrx_word' id='word_1_354' title='bbox 1728 2072 2007 2125; x_wconf 80' lang='lat' dir='ltr'><strong>Muncker.</strong></span> <span class='ocrx_word' id='word_1_355' title='bbox 2036 2070 2104 2123; x_wconf 77' lang='lat' dir='ltr'><strong>ad</strong></span> <span class='ocrx_word' id='word_1_356' title='bbox 2129 2071 2321 2145; x_wconf 78' lang='lat' dir='ltr'><strong>Hygia.</strong></span> <span class='ocrx_word' id='word_1_357' title='bbox 2346 2090 2400 2141; x_wconf 92' lang='lat' dir='ltr'><strong>p.</strong></span> <span class='ocrx_word' id='word_1_358' title='bbox 2426 2073 2558 2129; x_wconf 71' lang='lat'><strong>1063</strong></span> 
     </span>
     <span class='ocr_line' id='line_1_63' title="bbox 1534 2149 2561 2222; baseline -0.001 -21"><span class='ocrx_word' id='word_1_359' title='bbox 1534 2150 1679 2203; x_wconf 79' lang='lat' dir='ltr'><strong>Laet.</strong></span> <span class='ocrx_word' id='word_1_360' title='bbox 1730 2169 1781 2222; x_wconf 90' lang='lat' dir='ltr'><strong>p.</strong></span> <span class='ocrx_word' id='word_1_361' title='bbox 1843 2154 1962 2203; x_wconf 78' lang='lat'><strong>261.</strong></span> <span class='ocrx_word' id='word_1_362' title='bbox 2022 2149 2261 2203; x_wconf 76' lang='lat' dir='ltr'><strong>Notauda</strong></span> <span class='ocrx_word' id='word_1_363' title='bbox 2308 2160 2561 2219; x_wconf 62' lang='lat' dir='ltr'><strong>praterea</strong></span> 
     </span>
     <span class='ocr_line' id='line_1_64' title="bbox 1534 2228 2557 2299; baseline -0.002 -20"><span class='ocrx_word' id='word_1_364' title='bbox 1534 2228 1815 2298; x_wconf 78' lang='lat' dir='ltr'><strong>singularis</strong></span> <span class='ocrx_word' id='word_1_365' title='bbox 1840 2229 2040 2283; x_wconf 85' lang='lat' dir='ltr'><strong>locutio</strong></span> <span class='ocrx_word' id='word_1_366' title='bbox 2056 2266 2072 2289; x_wconf 90' lang='lat'>‚</span> <span class='ocrx_word' id='word_1_367' title='bbox 2086 2231 2238 2298; x_wconf 75' lang='lat' dir='ltr'><strong>fiamr</strong></span> <span class='ocrx_word' id='word_1_368' title='bbox 2276 2231 2525 2299; x_wconf 57' lang='lat' dir='ltr'><strong>Q&#39;nyreesus</strong></span> <span class='ocrx_word' id='word_1_369' title='bbox 2542 2267 2557 2286; x_wconf 87' lang='lat'><strong>,</strong></span> 
     </span>
     <span class='ocr_line' id='line_1_65' title="bbox 1534 2307 2564 2379; baseline -0.002 -19"><span class='ocrx_word' id='word_1_370' title='bbox 1534 2326 1634 2379; x_wconf 83' lang='lat' dir='ltr'><strong>pro</strong></span> <span class='ocrx_word' id='word_1_371' title='bbox 1644 2310 1827 2377; x_wconf 82' lang='lat' dir='ltr'><strong>furens</strong></span> <span class='ocrx_word' id='word_1_372' title='bbox 1846 2313 1899 2360; x_wconf 81' lang='lat' dir='ltr'><strong>in</strong></span> <span class='ocrx_word' id='word_1_373' title='bbox 1920 2312 2169 2376; x_wconf 46' lang='lat' dir='ltr'><strong>Cinyran&amp;</strong></span> <span class='ocrx_word' id='word_1_374' title='bbox 2196 2307 2564 2372; x_wconf 56' lang='lat' dir='ltr'><strong>Scan-vel,</strong></span> 
     </span>
     <span class='ocr_line' id='line_1_66' title="bbox 1533 2387 2562 2460; baseline -0.002 -20"><span class='ocrx_word' id='word_1_375' title='bbox 1533 2405 1651 2458; x_wconf 75' lang='lat' dir='ltr'><strong>quae</strong></span> <span class='ocrx_word' id='word_1_376' title='bbox 1682 2407 1793 2460; x_wconf 68' lang='lat' dir='ltr'><strong>prm</strong></span> <span class='ocrx_word' id='word_1_377' title='bbox 1831 2407 2010 2442; x_wconf 78' lang='lat' dir='ltr'><strong>amore</strong></span> <span class='ocrx_word' id='word_1_378' title='bbox 2042 2389 2097 2442; x_wconf 83' lang='lat' dir='ltr'><strong>in</strong></span> <span class='ocrx_word' id='word_1_379' title='bbox 2128 2390 2385 2460; x_wconf 77' lang='lat' dir='ltr'><strong>Cinyram</strong></span> <span class='ocrx_word' id='word_1_380' title='bbox 2418 2387 2562 2440; x_wconf 82' lang='lat' dir='ltr'><strong>furit.</strong></span> 
     </span>
     <span class='ocr_line' id='line_1_67' title="bbox 1532 2466 2561 2540; baseline -0.002 -21"><span class='ocrx_word' id='word_1_381' title='bbox 1532 2466 1619 2520; x_wconf 88' lang='lat' dir='ltr'><strong>Sic</strong></span> <span class='ocrx_word' id='word_1_382' title='bbox 1645 2467 1699 2520; x_wconf 88' lang='lat' dir='ltr'><strong>in</strong></span> <span class='ocrx_word' id='word_1_383' title='bbox 1732 2467 1909 2540; x_wconf 85' lang='lat' dir='ltr'><strong>Epith.</strong></span> <span class='ocrx_word' id='word_1_384' title='bbox 1926 2472 2094 2540; x_wconf 79' lang='lat' dir='ltr'><strong>Ausp.</strong></span> <span class='ocrx_word' id='word_1_385' title='bbox 2119 2486 2202 2521; x_wconf 82' lang='lat' dir='ltr'><strong>vs.</strong></span> <span class='ocrx_word' id='word_1_386' title='bbox 2222 2469 2291 2536; x_wconf 84' lang='grc'><strong>37</strong></span> <span class='ocrx_word' id='word_1_387' title='bbox 2310 2466 2448 2538; x_wconf 84' lang='lat' dir='ltr'><strong>(huj.</strong></span> <span class='ocrx_word' id='word_1_388' title='bbox 2472 2485 2561 2537; x_wconf 87' lang='lat' dir='ltr'><strong>op.</strong></span> 
     </span>
     <span class='ocr_line' id='line_1_68' title="bbox 1535 2544 2564 2618; baseline -0.001 -19"><span class='ocrx_word' id='word_1_389' title='bbox 1535 2559 1572 2599; x_wconf 90' lang='lat' dir='ltr'><strong>t.</strong></span> <span class='ocrx_word' id='word_1_390' title='bbox 1591 2547 1677 2598; x_wconf 88' lang='lat'><strong>111</strong></span> <span class='ocrx_word' id='word_1_391' title='bbox 1694 2588 1711 2612; x_wconf 91' lang='lat'><strong>,</strong></span> <span class='ocrx_word' id='word_1_392' title='bbox 1737 2565 1794 2618; x_wconf 88' lang='lat' dir='ltr'><strong>p.</strong></span> <span class='ocrx_word' id='word_1_393' title='bbox 1822 2548 1937 2616; x_wconf 82' lang='lat'><strong>390.</strong></span> <span class='ocrx_word' id='word_1_394' title='bbox 1962 2549 2093 2615; x_wconf 78' lang='lat' dir='ltr'><strong>En.)</strong></span> <span class='ocrx_word' id='word_1_395' title='bbox 2122 2550 2282 2600; x_wconf 77' lang='lat' dir='ltr'><strong>Fauni</strong></span> <span class='ocrx_word' id='word_1_396' title='bbox 2310 2544 2564 2599; x_wconf 85' lang='lat' dir='ltr'><strong>dicuntur</strong></span> 
     </span>
     <span class='ocr_line' id='line_1_69' title="bbox 1537 2625 2565 2712; baseline -0.001 -34"><span class='ocrx_word' id='word_1_397' title='bbox 1537 2633 1791 2712; x_wconf 54' lang='lat' dir='ltr'><strong>Dryadum</strong></span> <span class='ocrx_word' id='word_1_398' title='bbox 1836 2631 2042 2690; x_wconf 76' lang='lat' dir='ltr'><strong>deliria,</strong></span> <span class='ocrx_word' id='word_1_399' title='bbox 2080 2629 2134 2678; x_wconf 87' lang='lat' dir='ltr'><strong>h.</strong></span> <span class='ocrx_word' id='word_1_400' title='bbox 2175 2647 2224 2681; x_wconf 88' lang='lat' dir='ltr'><strong>e.</strong></span> <span class='ocrx_word' id='word_1_401' title='bbox 2266 2644 2400 2699; x_wconf 87' lang='lat' dir='ltr'><strong>quos</strong></span> <span class='ocrx_word' id='word_1_402' title='bbox 2438 2625 2565 2679; x_wconf 87' lang='lat' dir='ltr'><strong>deli-</strong></span> 
     </span>
     <span class='ocr_line' id='line_1_70' title="bbox 1536 2707 2562 2782; baseline -0.003 -22"><span class='ocrx_word' id='word_1_403' title='bbox 1536 2729 1651 2764; x_wconf 81' lang='lat' dir='ltr'><strong>rare</strong></span> <span class='ocrx_word' id='word_1_404' title='bbox 1676 2711 1878 2765; x_wconf 82' lang='lat' dir='ltr'><strong>faciunt</strong></span> <span class='ocrx_word' id='word_1_405' title='bbox 1907 2709 2167 2782; x_wconf 79' lang='lat' dir='ltr'><strong>Dryades,</strong></span> <span class='ocrx_word' id='word_1_406' title='bbox 2186 2711 2270 2762; x_wconf 80' lang='lat' dir='ltr'><strong>vel</strong></span> <span class='ocrx_word' id='word_1_407' title='bbox 2292 2707 2385 2780; x_wconf 89' lang='lat' dir='ltr'><strong>qui</strong></span> <span class='ocrx_word' id='word_1_408' title='bbox 2414 2725 2562 2758; x_wconf 80' lang='lat' dir='ltr'><strong>amo·</strong></span> 
     </span>
     <span class='ocr_line' id='line_1_71' title="bbox 1536 2790 2567 2862; baseline -0.005 -22"><span class='ocrx_word' id='word_1_409' title='bbox 1536 2808 1595 2840; x_wconf 89' lang='lat' dir='ltr'><strong>re</strong></span> <span class='ocrx_word' id='word_1_410' title='bbox 1618 2791 1891 2862; x_wconf 78' lang='lat' dir='ltr'><strong>Dryadum</strong></span> <span class='ocrx_word' id='word_1_411' title='bbox 1910 2791 2193 2844; x_wconf 79' lang='lat' dir='ltr'><strong>insaniunt.</strong></span> <span class='ocrx_word' id='word_1_412' title='bbox 2213 2790 2315 2843; x_wconf 91' lang='lat' dir='ltr'><strong>W.</strong></span> <span class='ocrx_word' id='word_1_413' title='bbox 2334 2791 2567 2838; x_wconf 77' lang='lat' dir='ltr'><strong>-Fumr</strong></span> 
     </span>
     <span class='ocr_line' id='line_1_72' title="bbox 1536 2864 2563 2936; baseline -0.004 -16"><span class='ocrx_word' id='word_1_414' title='bbox 1536 2873 1787 2934; x_wconf 77' lang='lat' dir='ltr'><strong>quondam</strong></span> <span class='ocrx_word' id='word_1_415' title='bbox 1814 2875 2093 2936; x_wconf 75' lang='lat' dir='ltr'><strong>Memyreus</strong></span> <span class='ocrx_word' id='word_1_416' title='bbox 2110 2868 2247 2922; x_wconf 80' lang='lat' dir='ltr'><strong>Ven.</strong></span> <span class='ocrx_word' id='word_1_417' title='bbox 2279 2866 2417 2919; x_wconf 86' lang='lat' dir='ltr'><strong>Pith.</strong></span> <span class='ocrx_word' id='word_1_418' title='bbox 2448 2864 2563 2916; x_wconf 82' lang='lat' dir='ltr'><strong>Hoc</strong></span> 
     </span>
     <span class='ocr_line' id='line_1_73' title="bbox 1536 2947 2564 3016; baseline -0.008 -14"><span class='ocrx_word' id='word_1_419' title='bbox 1536 2949 1711 3002; x_wconf 72' lang='lat' dir='ltr'><strong>statim</strong></span> <span class='ocrx_word' id='word_1_420' title='bbox 1740 2950 1958 3002; x_wconf 77' lang='lat' dir='ltr'><strong>Camers</strong></span> <span class='ocrx_word' id='word_1_421' title='bbox 1986 2949 2051 3001; x_wconf 78' lang='lat' dir='ltr'><strong>ad</strong></span> <span class='ocrx_word' id='word_1_422' title='bbox 2078 2947 2241 3000; x_wconf 85' lang='lat' dir='ltr'><strong>Prisc.</strong></span> <span class='ocrx_word' id='word_1_423' title='bbox 2267 2947 2369 3016; x_wconf 87' lang='lat'><strong>876</strong></span> <span class='ocrx_word' id='word_1_424' title='bbox 2388 2962 2564 2999; x_wconf 87' lang='lat' dir='ltr'><strong>emen-</strong></span> 
     </span>
     <span class='ocr_line' id='line_1_74' title="bbox 1537 3023 2563 3096; baseline -0.004 -18"><span class='ocrx_word' id='word_1_425' title='bbox 1537 3024 1685 3080; x_wconf 83' lang='lat' dir='ltr'><strong>davit</strong></span> <span class='ocrx_word' id='word_1_426' title='bbox 1696 3029 1903 3092; x_wconf 71' lang='lat' dir='ltr'><strong>Myrrha</strong></span> <span class='ocrx_word' id='word_1_427' title='bbox 1902 3029 1957 3096; x_wconf 85' lang='lat' dir='ltr'><strong>f.</strong></span> <span class='ocrx_word' id='word_1_428' title='bbox 1972 3049 2025 3096; x_wconf 85' lang='lat' dir='ltr'><strong>q.</strong></span> <span class='ocrx_word' id='word_1_429' title='bbox 2046 3029 2313 3092; x_wconf 76' lang='lat' dir='ltr'><strong>cinyreius.</strong></span> <span class='ocrx_word' id='word_1_430' title='bbox 2323 3023 2409 3077; x_wconf 92' lang='lat' dir='ltr'><strong>Sic</strong></span> <span class='ocrx_word' id='word_1_431' title='bbox 2422 3023 2563 3075; x_wconf 88' lang='lat' dir='ltr'><strong>enim</strong></span> 
     </span>
     <span class='ocr_line' id='line_1_75' title="bbox 1536 3105 2561 3176; baseline -0.005 -18"><span class='ocrx_word' id='word_1_432' title='bbox 1536 3105 1677 3176; x_wconf 75' lang='lat' dir='ltr'><strong>apud</strong></span> <span class='ocrx_word' id='word_1_433' title='bbox 1712 3105 1873 3160; x_wconf 85' lang='lat' dir='ltr'><strong>ovid.</strong></span> <span class='ocrx_word' id='word_1_434' title='bbox 1917 3107 2046 3158; x_wconf 83' lang='lat' dir='ltr'><strong>Met.</strong></span> <span class='ocrx_word' id='word_1_435' title='bbox 2089 3107 2173 3169; x_wconf 84' lang='lat' dir='ltr'><strong>X,</strong></span> <span class='ocrx_word' id='word_1_436' title='bbox 2208 3106 2311 3173; x_wconf 81' lang='lat'><strong>369</strong></span> <span class='ocrx_word' id='word_1_437' title='bbox 2340 3116 2390 3155; x_wconf 88' lang='lat' dir='ltr'><strong>et</strong></span> <span class='ocrx_word' id='word_1_438' title='bbox 2422 3119 2521 3172; x_wconf 81' lang='lat'><strong>7¹²</strong></span> <span class='ocrx_word' id='word_1_439' title='bbox 2544 3143 2561 3164; x_wconf 89' lang='lat'>‚</span> 
     </span>
     <span class='ocr_line' id='line_1_76' title="bbox 1537 3183 2566 3252; baseline -0.005 -16"><span class='ocrx_word' id='word_1_440' title='bbox 1537 3187 1683 3252; x_wconf 73' lang='lat' dir='ltr'><strong>virgo</strong></span> <span class='ocrx_word' id='word_1_441' title='bbox 1721 3187 1947 3250; x_wconf 75' lang='lat' dir='ltr'><strong>Cinyreia</strong></span> <span class='ocrx_word' id='word_1_442' title='bbox 1969 3224 1983 3245; x_wconf 93' lang='lat'><strong>,</strong></span> <span class='ocrx_word' id='word_1_443' title='bbox 2010 3197 2061 3238; x_wconf 89' lang='lat' dir='ltr'><strong>et</strong></span> <span class='ocrx_word' id='word_1_444' title='bbox 2088 3187 2287 3251; x_wconf 70' lang='lat' dir='ltr'><strong>juvenis</strong></span> <span class='ocrx_word' id='word_1_445' title='bbox 2316 3183 2566 3247; x_wconf 74' lang='lat' dir='ltr'><strong>Cinyreius</strong></span> 
     </span>
     <span class='ocr_line' id='line_1_77' title="bbox 1540 3259 2563 3336; baseline -0.006 -18"><span class='ocrx_word' id='word_1_446' title='bbox 1540 3263 1756 3324; x_wconf 79' lang='lat' dir='ltr'><strong>dicitur.</strong></span> <span class='ocrx_word' id='word_1_447' title='bbox 1790 3266 2087 3320; x_wconf 82' lang='lat' dir='ltr'><strong>Camertem</strong></span> <span class='ocrx_word' id='word_1_448' title='bbox 2124 3275 2379 3336; x_wconf 77' lang='lat' dir='ltr'><strong>sequutus</strong></span> <span class='ocrx_word' id='word_1_449' title='bbox 2419 3259 2563 3314; x_wconf 74' lang='lat' dir='ltr'><strong>vad.</strong></span> 
     </span>
     <span class='ocr_line' id='line_1_78' title="bbox 1538 3338 2565 3410; baseline -0.008 -12"><span class='ocrx_word' id='word_1_450' title='bbox 1538 3343 1702 3398; x_wconf 85' lang='lat' dir='ltr'><strong>edidit</strong></span> <span class='ocrx_word' id='word_1_451' title='bbox 1768 3347 2019 3410; x_wconf 61' lang='lat' dir='ltr'><strong>Ciqrmius</strong></span> <span class='ocrx_word' id='word_1_452' title='bbox 2036 3383 2051 3405; x_wconf 91' lang='lat'><strong>,</strong></span> <span class='ocrx_word' id='word_1_453' title='bbox 2092 3342 2329 3396; x_wconf 84' lang='lat' dir='ltr'><strong>similiter</strong></span> <span class='ocrx_word' id='word_1_454' title='bbox 2398 3338 2565 3393; x_wconf 83' lang='lat' dir='ltr'><strong>Huds.</strong></span> 
     </span>
     <span class='ocr_line' id='line_1_79' title="bbox 1537 3419 2565 3480; baseline -0.004 -6"><span class='ocrx_word' id='word_1_455' title='bbox 1537 3423 1689 3478; x_wconf 87' lang='lat' dir='ltr'><strong>Idem</strong></span> <span class='ocrx_word' id='word_1_456' title='bbox 1736 3423 1985 3477; x_wconf 77' lang='lat' dir='ltr'><strong>viderunt</strong></span> <span class='ocrx_word' id='word_1_457' title='bbox 2021 3422 2245 3478; x_wconf 79' lang='lat' dir='ltr'><strong>Salmas.</strong></span> <span class='ocrx_word' id='word_1_458' title='bbox 2282 3419 2565 3480; x_wconf 85' lang='lat' dir='ltr'><strong>Heinsius,</strong></span> 
     </span>
     <span class='ocr_line' id='line_1_80' title="bbox 1536 3499 2569 3564; baseline -0.006 -8"><span class='ocrx_word' id='word_1_459' title='bbox 1536 3505 1835 3557; x_wconf 82' lang='lat' dir='ltr'><strong>Munkerus</strong></span> <span class='ocrx_word' id='word_1_460' title='bbox 1866 3523 1897 3556; x_wconf 84' lang='lat' dir='ltr'><strong>a</strong></span> <span class='ocrx_word' id='word_1_461' title='bbox 1932 3501 2229 3558; x_wconf 74' lang='lat' dir='ltr'><strong>sehr-adero</strong></span> <span class='ocrx_word' id='word_1_462' title='bbox 2264 3499 2427 3555; x_wconf 80' lang='lat' dir='ltr'><strong>citati.</strong></span> <span class='ocrx_word' id='word_1_463' title='bbox 2458 3499 2569 3564; x_wconf 88' lang='lat' dir='ltr'><strong>Qui</strong></span> 
     </span>
     <span class='ocr_line' id='line_1_81' title="bbox 1538 3581 2565 3653; baseline -0.005 -18"><span class='ocrx_word' id='word_1_464' title='bbox 1538 3602 1707 3653; x_wconf 84' lang='lat' dir='ltr'><strong>quum</strong></span> <span class='ocrx_word' id='word_1_465' title='bbox 1720 3582 1955 3648; x_wconf 83' lang='lat' dir='ltr'><strong>dubitat,</strong></span> <span class='ocrx_word' id='word_1_466' title='bbox 1971 3583 2188 3636; x_wconf 86' lang='lat' dir='ltr'><strong>cuinam</strong></span> <span class='ocrx_word' id='word_1_467' title='bbox 2206 3581 2365 3651; x_wconf 76' lang='lat' dir='ltr'><strong>hujus</strong></span> <span class='ocrx_word' id='word_1_468' title='bbox 2382 3597 2565 3632; x_wconf 85' lang='lat' dir='ltr'><strong>emen·</strong></span> 
     </span>
     <span class='ocr_line' id='line_1_82' title="bbox 1540 3658 2567 3736; baseline -0.008 -18"><span class='ocrx_word' id='word_1_469' title='bbox 1540 3662 1773 3718; x_wconf 68' lang='lat' dir='ltr'><strong>dationis</strong></span> <span class='ocrx_word' id='word_1_470' title='bbox 1836 3663 2060 3736; x_wconf 75' lang='lat' dir='ltr'><strong>gloriam</strong></span> <span class='ocrx_word' id='word_1_471' title='bbox 2128 3662 2327 3714; x_wconf 83' lang='lat' dir='ltr'><strong>tribuat</strong></span> <span class='ocrx_word' id='word_1_472' title='bbox 2349 3701 2364 3726; x_wconf 91' lang='lat'><strong>,</strong></span> <span class='ocrx_word' id='word_1_473' title='bbox 2425 3658 2567 3730; x_wconf 78' lang='lat' dir='ltr'><strong>equi-</strong></span> 
     </span>
     <span class='ocr_line' id='line_1_83' title="bbox 1542 3739 2565 3796; baseline -0.006 0"><span class='ocrx_word' id='word_1_474' title='bbox 1542 3742 1665 3796; x_wconf 86' lang='lat' dir='ltr'><strong>dem</strong></span> <span class='ocrx_word' id='word_1_475' title='bbox 1678 3741 1841 3796; x_wconf 81' lang='lat' dir='ltr'><strong>laudo</strong></span> <span class='ocrx_word' id='word_1_476' title='bbox 1861 3743 2210 3796; x_wconf 77' lang='lat' dir='ltr'><strong>sinceritatem</strong></span> <span class='ocrx_word' id='word_1_477' title='bbox 2227 3753 2278 3795; x_wconf 90' lang='lat' dir='ltr'><strong>et</strong></span> <span class='ocrx_word' id='word_1_478' title='bbox 2292 3739 2565 3792; x_wconf 83' lang='lat' dir='ltr'><strong>liberalem</strong></span> 
     </span>
     <span class='ocr_line' id='line_1_84' title="bbox 1543 3817 2569 3893; baseline -0.007 -18"><span class='ocrx_word' id='word_1_479' title='bbox 1543 3821 1781 3876; x_wconf 82' lang='lat' dir='ltr'><strong>animum</strong></span> <span class='ocrx_word' id='word_1_480' title='bbox 1818 3821 1950 3882; x_wconf 80' lang='lat' dir='ltr'><strong>viri,</strong></span> <span class='ocrx_word' id='word_1_481' title='bbox 1984 3823 2079 3893; x_wconf 86' lang='lat' dir='ltr'><strong>qni</strong></span> <span class='ocrx_word' id='word_1_482' title='bbox 2138 3819 2401 3874; x_wconf 86' lang='lat' dir='ltr'><strong>neminem</strong></span> <span class='ocrx_word' id='word_1_483' title='bbox 2444 3817 2569 3870; x_wconf 80' lang='lat' dir='ltr'><strong>velit</strong></span> 
     </span>
     <span class='ocr_line' id='line_1_85' title="bbox 1546 3898 2569 3963; baseline -0.004 -11"><span class='ocrx_word' id='word_1_484' title='bbox 1546 3919 1637 3956; x_wconf 71' lang='lat' dir='ltr'><strong>sua</strong></span> <span class='ocrx_word' id='word_1_485' title='bbox 1685 3901 1841 3956; x_wconf 81' lang='lat' dir='ltr'><strong>laude</strong></span> <span class='ocrx_word' id='word_1_486' title='bbox 1888 3900 2161 3963; x_wconf 73' lang='lat' dir='ltr'><strong>fraudare,</strong></span> <span class='ocrx_word' id='word_1_487' title='bbox 2206 3898 2298 3952; x_wconf 83' lang='lat' dir='ltr'><strong>sed</strong></span> <span class='ocrx_word' id='word_1_488' title='bbox 2348 3898 2569 3950; x_wconf 72' lang='lat' dir='ltr'><strong>miset-or</strong></span> 
     </span>
     <span class='ocr_line' id='line_1_86' title="bbox 1545 3976 2560 4052; baseline -0.004 -20"><span class='ocrx_word' id='word_1_489' title='bbox 1545 3993 1725 4034; x_wconf 75' lang='lat' dir='ltr'><strong>tamen</strong></span> <span class='ocrx_word' id='word_1_490' title='bbox 1749 3981 1916 4035; x_wconf 73' lang='lat' dir='ltr'><strong>satum</strong></span> <span class='ocrx_word' id='word_1_491' title='bbox 1952 3980 2211 4034; x_wconf 77' lang='lat' dir='ltr'><strong>Camertis</strong></span> <span class='ocrx_word' id='word_1_492' title='bbox 2240 3990 2291 4031; x_wconf 86' lang='lat' dir='ltr'><strong>et</strong></span> <span class='ocrx_word' id='word_1_493' title='bbox 2314 3976 2560 4052; x_wconf 65' lang='lat' dir='ltr'><strong>Yadiani,</strong></span> 
     </span>
     <span class='ocr_line' id='line_1_87' title="bbox 1546 4059 2566 4130; baseline -0.004 -18"><span class='ocrx_word' id='word_1_494' title='bbox 1546 4061 1641 4130; x_wconf 78' lang='lat' dir='ltr'><strong>qui</strong></span> <span class='ocrx_word' id='word_1_495' title='bbox 1686 4060 1883 4113; x_wconf 83' lang='lat' dir='ltr'><strong>meritis</strong></span> <span class='ocrx_word' id='word_1_496' title='bbox 1926 4061 2033 4117; x_wconf 81' lang='lat' dir='ltr'><strong>suis</strong></span> <span class='ocrx_word' id='word_1_497' title='bbox 2068 4061 2125 4112; x_wconf 86' lang='lat' dir='ltr'><strong>in</strong></span> <span class='ocrx_word' id='word_1_498' title='bbox 2157 4059 2419 4115; x_wconf 74' lang='lat' dir='ltr'><strong>Avienum</strong></span> <span class='ocrx_word' id='word_1_499' title='bbox 2458 4070 2566 4109; x_wconf 82' lang='lat' dir='ltr'><strong>tam</strong></span> 
     </span>
     <span class='ocr_line' id='line_1_88' title="bbox 1550 4139 2567 4212; baseline -0.006 -20"><span class='ocrx_word' id='word_1_500' title='bbox 1550 4139 1811 4212; x_wconf 68' lang='lat' dir='ltr'><strong>praeclaris</strong></span> <span class='ocrx_word' id='word_1_501' title='bbox 1840 4140 2088 4210; x_wconf 80' lang='lat' dir='ltr'><strong>consequi</strong></span> <span class='ocrx_word' id='word_1_502' title='bbox 2116 4157 2227 4192; x_wconf 83' lang='lat' dir='ltr'><strong>non</strong></span> <span class='ocrx_word' id='word_1_503' title='bbox 2250 4147 2567 4208; x_wconf 84' lang='lat' dir='ltr'><strong>potuerunt,</strong></span> 
     </span>
    </p>
   </div>
  </div>
 </body>
</html>
