2996 4685
466 324 609 401 638

912 296 1489 399 ·vA1uo⁸ssUM
1541 332 2114 401 AUCTORUM

562 454 723 521 Haec
760 448 987 518 eadem
1024 451 1193 519 ratio
1226 466 1354 537 est,
1400 452 1636 521 subitis
1674 478 1796 524 cur
1831 452 2162 548 frangitur
2197 456 2458 525 umbris

559 558 1059 655 Augusti-Solis
1096 560 1369 631 rutilum
1408 562 1639 654 jubar,
1677 548 1909 659 indiga
1949 563 2115 633 lucis

569 670 863 761 Quando
898 672 1077 739 inter
1108 687 1354 743 terram
1392 687 1460 742 ct
1492 672 1712 744 Solem
1749 688 1896 745 rota
1931 676 2232 768 corporis
2261 675 2448 743 almae
2551 698 2606 735 σο

568 786 765 853 Luna
798 797 977 851 meat
1020 782 1289 853 fratrem
1329 783 1526 852 rectis
1550 784 1935 877 objectibus
1972 809 2221 853 arcens.

470 1000 623 1047 rum,
658 981 729 1046 V,
767 983 903 1043 464:
954 1004 977 1027 α
1000 981 1263 1034 Matutina
1298 982 1493 1033 rubent
1581 984 1759 1050 indiqu
1791 986 1938 1043 tonan,
1977 982 2030 1033 h.
2061 1001 2108 1034 e.
2149 982 2302 1035 Luna
2327 982 2468 1035 inter
2499 994 2598 1035 ter·

468 1060 659 1115 radiati
678 1060 877 1113 lumina
903 1060 1027 1113 nolis
1041 1086 1084 1112 »-
1105 1062 1207 1113 En.

544 1140 631 1209 59.
656 1142 837 1209 Indiga
862 1142 985 1192 lucis
1001 1177 1019 1199 ,
1052 1152 1151 1193 etc.
1176 1139 1382 1190 Horum
1409 1138 1487 1190 ul-

466 1221 717 1274 timorum
729 1236 979 1272 versuum
1004 1234 1213 1269 sensnm
1242 1216 1388 1269 hunc
1414 1216 1489 1268 fa-

469 1300 547 1353 cit
561 1297 743 1351 Barth.
759 1297 815 1350 in
834 1295 1055 1349 Advers.
1074 1294 1316 1347 XXXVI
1330 1335 1345 1360 ,
1380 1314 1445 1348 ao
1469 1313 1481 1347 :

467 1406 497 1424 α
513 1376 803 1431 Intervenit
822 1378 975 1429 Luna
990 1412 1007 1439 ,
1034 1392 1229 1446 corpus
1245 1372 1486 1447 indigum

468 1457 627 1525 lucis,
653 1456 791 1509 inter
812 1466 1005 1507 terram
1032 1466 1083 1507 et
1102 1453 1266 1506 solem
1288 1494 1303 1518 ,
1336 1453 1486 1506 facit·

468 1554 575 1607 qne
610 1554 679 1588 ne
722 1534 845 1588 solis
880 1532 1015 1587 radii
1048 1546 1243 1586 terram
1271 1544 1488 1605 tangere

466 1615 691 1687 possint,
718 1613 811 1667 sed
845 1632 909 1667 ea
942 1624 1089 1683 parte
1117 1612 1343 1665 obscura
1370 1616 1486 1683 ejus

464 1694 663 1766 species
691 1691 997 1765 adpareat».
1027 1723 1097 1731 —
1119 1696 1246 1744 Rota
1270 1695 1484 1761 corporis

1579 1078 1696 1112 ram
1725 1074 1778 1112 et
1801 1061 1970 1115 solem
1997 1074 2172 1123 nne,
2199 1066 2347 1113 almae
2389 1066 2601 1133 (nempe

1580 1142 1722 1207 lucis)
1765 1140 2058 1211 objectibus
2099 1140 2269 1195 rectit
2314 1140 2476 1195 solem
2518 1160 2600 1193 ar-

1579 1236 1720 1271 cens.
1743 1218 1846 1273 Sed
1871 1221 2084 1287 corporis
2110 1223 2258 1281 almi,
2291 1238 2340 1272 v.
2363 1223 2464 1284 60»,
2484 1238 2602 1275 αι·-

1577 1298 1714 1349 rexit
1761 1296 2028 1352 Heinsius.
2083 1298 2346 1352 Ceterum
2397 1298 2604 1369 putavit

1578 1375 1824 1429 Bas-thius
1841 1375 1966 1429 huic
1984 1376 2206 1430 carmini
2221 1377 2378 1449 plura
2390 1376 2596 1431 deesse:

1577 1466 1630 1507 ct
1651 1473 1713 1507 ex
1739 1455 2050 1509 prefatione
2077 1457 2280 1529 conjici
2305 1476 2458 1528 posse
2475 1474 2600 1511 cen·

1577 1534 1754 1596 nebat,
1791 1534 2001 1606 longius
2051 1536 2217 1590 fuisse
2263 1534 2334 1589 de
2383 1536 2600 1608 singulis

1577 1624 1891 1666 tractatum:
1919 1614 1974 1666 in
1999 1633 2107 1686 qno
2133 1616 2272 1671 forte
2293 1634 2324 1669 a
2348 1634 2478 1671 veno
2491 1634 2600 1668 non

1575 1692 1851 1748 aben-avit.
1879 1694 1980 1746 En.

663 1926 748 1991 X.
803 1921 1086 1990 RATIO
1141 1920 1507 1989 DIERUM
1561 1922 1680 1991 AN
1681 1922 1792 1992 NI.
1827 1922 2329 1993 VERTENTIS
2357 1922 2406 1990 ’ἱ

559 2134 993 2203 ΝοΝΔαιΝΤΑ
1040 2131 1182 2200 dies
1222 2145 1288 2199 et
1333 2147 1624 2223 quatuor
1660 2156 1740 2202 ac
1773 2132 2104 2221 medium,
2146 2133 2260 2206 Sol

559 2242 885 2327 Conficit‚
913 2267 952 2310 a
997 2243 1259 2335 tropico
1298 2241 1367 2309 in
1396 2242 1736 2337 tropicum
1771 2244 1931 2312 dum
1966 2261 2266 2338 permeat
2292 2260 2575 2330 astrum,

558 2353 955 2446 Octipedem
983 2353 1055 2420 in
1082 2355 1417 2422 Cancrum
1446 2355 1738 2424 Phrixeo
1767 2356 1852 2424 ab
1872 2356 2080 2426 ariete
2101 2381 2402 2453 pergens.

558 2468 706 2533 Hoc
740 2462 957 2555 spatio
993 2463 1203 2530 aestivi
1232 2460 1597 2557 pulsusque
1633 2481 1702 2534 et
1745 2479 1924 2535 meta
1960 2465 2114 2534 diei.

560 2571 1093 2665 Semediemquc‚
1120 2572 1420 2668 duosque
1452 2573 1627 2663 dies,
1659 2576 2012 2671 deciesque
2046 2601 2378 2662 novenm,
2570 2597 2592 2636 ⁵

558 2688 619 2754 A
662 2687 928 2757 Cancro
961 2683 1032 2751 in
1072 2681 1315 2753 Chelas
1356 2699 1632 2779 aequatae
1673 2699 1982 2781 tempora
2017 2687 2235 2756 noctis

556 2803 777 2888 Atque
818 2792 949 2880 dii,
984 2817 1185 2862 cursu
1218 2796 1478 2889 peragit
1505 2793 1618 2863 Sol
1647 2819 1886 2864 aureus
1921 2794 2166 2882 altero,

556 2905 884 2975 Autumni
924 2905 1300 2998 aestatisque
1344 2904 1540 2973 simul
1579 2903 1872 2973 confinia
1914 2906 2221 2974 miscens

562 3013 759 3082 Unde
800 3011 1217 3082 autumnales
1258 3031 1718 3085 transcurrens
1761 3014 1997 3085 ordine
2044 3040 2333 3100 menseS‚

557 3123 664 3194 Ad
699 3123 1034 3217 tropicum
1071 3124 1291 3219 pergit
1328 3125 1594 3218 signum
1629 3123 1834 3218 gelidi
1871 3125 2301 3218 Capricorni,

556 3240 733 3306 Octo
765 3232 904 3301 dies
939 3231 1155 3302 decies
1190 3235 1449 3303 octonis
1478 3235 1752 3327 insuper
1783 3232 2064 3320 addenS,

554 3343 1149 3435 Quadrantemque
1189 3342 1299 3414 dii.
1340 3345 1602 3434 Quinto
1638 3343 1756 3438 qui
1797 3344 2108 3437 protinus
2141 3369 2320 3413 anno

554 3459 787 3525 Mense
809 3456 1046 3523 Numae
1072 3467 1366 3523 extremo
1398 3478 1646 3524 nomen
1678 3453 1859 3547 capit
1885 3451 2303 3522 embolimaei.

555 3565 723 3634 Inde
764 3563 849 3632 ad
878 3565 1211 3658 Agenorei
1240 3564 1560 3634 festinans
1595 3587 1846 3633 cornua
1871 3564 2113 3650 Tauri,

526 3777 554 3805 *
580 3775 647 3828 Hi
672 3793 854 3829 versus
877 3775 1097 3847 quidem
1120 3777 1357 3830 Ausonio
1384 3777 1479 3829 ad·

456 3857 778 3918 scribuntur,
804 3865 855 3908 et
876 3854 933 3906 in
961 3856 1073 3926 ejus
1098 3853 1377 3928 Eelogario
1400 3873 1482 3909 ex.

457 3949 609 3993 stant.
638 3937 740 3989 En.

1571 3775 1691 3846 ⁵²7·
1737 3774 1924 3828 Avien.
1975 3774 2251 3828 Phanom.
2295 3792 2372 3828 vn.
2425 3777 2558 3830 1283
2579 3815 2600 3842 ,

1567 3858 1835 3907 Phrixeum
1853 3875 2008 3924 pecus
2035 3854 2183 3909 dixit.
2207 3854 2314 3930 En.

1637 3937 1688 3987 6.
1719 3939 1953 4004 AEquatoe
1977 3951 2195 4005 tempora
2231 3939 2407 3990 noctis.
2443 3935 2604 3990 Conf.

531 4017 579 4070 3.
606 4018 822 4068 Phrixeo
842 4018 906 4067 ab
926 4017 1096 4066 ariete.
1124 4013 1283 4067 Conf.
1316 4032 1480 4088 supra
1565 4027 1748 4068 notata
1774 4035 1935 4089 supra
1975 4015 2045 4070 ad
2082 4017 2265 4089 Epigr.
2295 4017 2380 4071 111
2405 4059 2419 4086 ,
2454 4036 2532 4071 vs.
2569 4036 2600 4070 ι

458 4095 637 4167 Epigr.
658 4095 744 4158 11,
782 4106 893 4146 not.
926 4114 976 4160 x,
1010 4093 1106 4146 ubi
1132 4091 1379 4146 German.
1400 4111 1478 4147 vs.

1567 4106 1618 4148 et
1642 4111 1696 4164 9.
1739 4095 1839 4148 En.
