2996 4685
963 395 1167 463 ORA
1221 394 1771 464 MARITIMA.

2299 395 2441 480 463

493 519 694 585 Gazae
733 515 1100 585 incolarum
1136 515 1422 583 maxime
1459 517 1921 588 memorabiles

498 629 626 694 Per
666 626 848 694 orbis
885 649 1037 693 oras
1067 651 1082 693 t
1124 649 1416 718 namque
1447 641 1687 718 praeter
1718 629 1985 723 cespitis
2370 655 2447 692 ⁵0.

493 735 1029 818 Fecunditatem‚
1070 759 1203 828 qua
1241 721 1476 828 pedm,
1510 761 1641 828 qna
1677 737 2052 831 palmitem,

497 848 652 935 Qua
688 847 863 916 dona
903 846 1086 915 flavae
1121 844 1388 914 Cereris
1426 844 1671 913 educat
1712 845 1964 933 solum,

496 957 856 1048 Peregrina
897 957 1096 1025 Ibero
1144 953 1615 1023 subvehuntur
1656 957 1955 1026 flumine.

487 1069 692 1136 ‚Juxta
738 1065 1100 1160 superbum
1142 1088 1334 1133 mons
1371 1068 1574 1134 Sacer
1612 1081 1815 1160 caput
1854 1068 2131 1152 exserit,

295 1294 465 1365 thago
481 1295 650 1347 Nova.
670 1293 739 1346 Et
748 1293 850 1365 qni
872 1295 1010 1348 forte
1021 1291 1328 1346 Tarichiam

303 1372 370 1425 ad
393 1372 770 1445 Carthaginem
789 1373 982 1426 Africae
999 1373 1220 1445 legerat,
1240 1369 1330 1422 bic

304 1452 444 1505 male
509 1453 770 1506 referebat
825 1451 897 1505 ad
949 1451 1328 1523 Carthaginem

304 1533 588 1605 Hispania.
621 1534 775 1588 Certe
803 1536 1028 1584 Tar-iehoe
1044 1532 1156 1586 sive
1175 1531 1328 1592 urbs,

305 1613 413 1667 sive
439 1613 631 1676 insula,
653 1630 854 1664 nomen
876 1612 1124 1666 Graecum
1145 1629 1177 1664 a
1196 1617 1332 1680 Ταρι-

304 1692 487 1759 zaim,
531 1691 710 1744 salinis
738 1692 820 1744 vel
847 1691 1088 1762 cetariis,
1138 1691 1333 1742 habere

261 1813 272 1821 .
303 1771 506 1842 potuit,
534 1789 652 1842 quae
675 1770 926 1824 Romanis
953 1767 1160 1822 Salaria
1170 1809 1184 1829 ,
1206 1787 1334 1841 qua-

309 1851 372 1904 lis
411 1869 441 1902 a
481 1850 769 1903 Ptolemaeo
811 1850 868 1903 in
909 1850 1160 1903 Oretanis
1196 1850 1335 1901 inter

306 1931 514 2000 Tagum
535 1941 586 1982 et
605 1931 798 1993 Anam,
820 1949 978 2001 supra
996 1931 1332 1982 Castulonem

309 2008 547 2080 ponitur,
579 2027 609 2062 a
641 2009 814 2061 Plinio
831 2047 846 2070 ,
881 2009 970 2062 lib.
992 2009 1106 2075 111,
1129 2027 1249 2080 cap.
1272 2009 1334 2073 3,

311 2089 365 2140 in
385 2088 808 2160 Carthaginiensi
825 2101 1104 2142 conventu.

383 2176 503 2236 499.
551 2172 752 2220 Veneta
799 2167 970 2238 prima
1011 2166 1098 2220 hic
1156 2167 1337 2220 scribit

310 2251 452 2298 Gm’oe
487 2250 780 2300 incolarum.
816 2246 1046 2299 Pithoeus
1089 2245 1216 2300 inde
1251 2265 1336 2299 ex-

307 2326 493 2399 pressit
515 2330 685 2379 Graioe
710 2330 1001 2379 incolarum.
1039 2325 1334 2379 Hudsonus

309 2411 450 2460 Graii
467 2412 758 2461 incolarum.
781 2407 923 2460 Hinc
947 2404 1154 2459 Oddius
1175 2407 1335 2460 refin-

308 2487 383 2541 xit
410 2492 553 2540 Graii
585 2492 793 2547 ἰησοὶως
838 2502 994 2554 atque
1022 2490 1077 2538 lu·
1115 2489 1337 2539 maxime

308 2570 662 2619 memorabiles.
696 2564 802 2621 Sed
835 2584 1024 2637 parum
1063 2564 1254 2618 vidisse
1282 2578 1334 2617 et

310 2645 447 2698 male
473 2646 554 2697 usi
587 2644 766 2717 prisca
796 2645 1056 2714 scriptura
1083 2644 1336 2696 videntur

311 2724 576 2788 editores,
613 2724 710 2795 qui
747 2744 782 2775 e
827 2724 1012 2795 prime
1049 2724 1177 2777 edit.
1204 2742 1336 2777 voce

311 2806 480 2857 Graia·
500 2803 692 2857 Graios
714 2803 1030 2855 effecerunt.
1059 2801 1218 2856 Aliud
1240 2801 1340 2855 do·

308 2902 428 2938 cere
449 2894 690 2955 poterant
711 2884 870 2935 verba
892 2882 1183 2953 sequentia.
1202 2883 1338 2935 Nam

310 2963 353 3017 si
380 2966 523 3016 Graii
550 2966 730 3015 incola
768 2963 1002 3015 maxime
1029 2961 1342 3015 memorabi-

309 3043 384 3097 les
408 3062 508 3115 per
535 3042 678 3095 orbis
693 3062 810 3099 oras
830 3040 1105 3107 dicuntur,
1121 3041 1252 3116 quid
1270 3040 1340 3096 ad

310 3142 424 3175 rem
441 3140 558 3175 eam
577 3119 908 3194 probandam
927 3124 1178 3193 pertinet,
1191 3120 1340 3195 quod

315 3201 369 3254 in
397 3202 746 3274 sequentibus
773 3201 1077 3257 fecunditas
1095 3206 1208 3276 ejus
1233 3216 1340 3256 ter·

313 3300 384 3335 roe
411 3280 690 3352 omnigena
719 3282 935 3353 pariter,
971 3300 1034 3335 ac
1065 3282 1340 3337 subvectio

313 3362 710 3434 peregrinarum
752 3363 1010 3417 mercium
1057 3364 1341 3418 laudatur?

312 3443 456 3513 Ergo
481 3442 824 3496 scribendum
850 3454 964 3496 erat
982 3443 1122 3497 duce
1138 3443 1341 3498 Veneta

312 3524 518 3578 -Gazae
534 3524 830 3579 incolarum
853 3525 1077 3577 maxime
1089 3542 1346 3581 memora·

314 3603 508 3657 biles».
545 3604 688 3656 Nam
711 3602 800 3655 hai
819 3614 976 3669 sunt,
1009 3621 1130 3675 qum
1150 3604 1344 3677 partim

315 3682 540 3754 propriis
563 3682 716 3735 terrai
736 3681 960 3755 opibus,
984 3682 1180 3753 partim
1200 3700 1346 3754 pere·

315 3762 480 3832 grinis
507 3773 655 3815 extra
695 3760 1055 3815 adfluentibus
1089 3773 1142 3815 et
1183 3762 1344 3815 Ibero

314 3838 534 3894 flumine
582 3842 887 3907 subvectis,
926 3852 1191 3895 constant.
1239 3840 1345 3895 Sed

317 3936 427 3990 qno
473 3920 654 3973 minus
698 3919 800 3973 bac
847 3920 918 3975 de
970 3919 1346 3973 emendatione

317 3995 559 4060 dubites,
601 3996 725 4051 vide
753 3999 824 4051 sis
858 4000 1120 4053 Avienum
1157 3998 1346 4053 eodem

317 4076 580 4129 vocabulo
604 4077 882 4131 Persarum
905 4079 1228 4149 opulentiam
1255 4098 1346 4133 ex-

317 4156 544 4225 primere
568 4194 586 4223 ,
623 4156 877 4230 Descript.
917 4157 1048 4211 orb.
1093 4176 1143 4209 v.
1175 4156 1341 4211 1256:

1415 1315 1442 1336 κ
1459 1289 1585 1346 Vita
1612 1293 1835 1364 opulens
1852 1295 2026 1364 genti,
2060 1315 2215 1368 gazas
2233 1316 2447 1372 quoque

1415 1383 1557 1426 terra
1580 1374 1840 1428 ministrat
1859 1375 2147 1444 Omnibus,
2167 1389 2219 1430 et
2240 1379 2445 1450 largum

1415 1451 1628 1524 populis
1654 1452 1970 1525 producitur
1990 1474 2163 1508 sevum
2178 1483 2219 1510 ι.

1493 1533 1611 1586 503.
1659 1538 1798 1586 Ibero
1850 1531 2185 1587 subvekunmr'
2208 1541 2443 1609 flumine.

1416 1612 1617 1666 Veneta
1642 1617 1917 1674 subeuntur,
1939 1613 2207 1669 mendose.
2224 1617 2452 1690 Naviga-

1418 1691 1583 1744 bilem
1624 1693 1844 1745 Iberum
1883 1705 1937 1745 et
1976 1696 2307 1750 commerciis
2346 1698 2449 1751 sre-

1419 1782 1733 1842 quentatum
1755 1783 1975 1825 testatur
1992 1773 2217 1842 Plinius,
2243 1776 2354 1842 111,
2381 1778 2411 1831 3
2433 1795 2450 1829 τ

1423 1873 1448 1896 ι
1469 1851 1659 1902 Iberus
1686 1851 1859 1902 amnis
1875 1890 1892 1916 ,
1921 1851 2095 1922 inquit
2118 1893 2133 1918 ,
2163 1855 2451 1925 navigabili

1423 1929 1747 1983 commercio
1787 1928 1968 1998 dives,
1994 1943 2143 1985 ortus
2180 1933 2234 1985 in
2269 1935 2458 1989 Canta-

1421 2009 1535 2062 bris
1558 2007 1704 2062 haud
1728 2009 1917 2081 procul
1938 2009 2142 2082 oppido
2164 2013 2197 2064 J
2200 2009 2453 2068 uliobricti

1423 2089 1529 2153 450
1550 2089 1715 2142 millia
1736 2107 1991 2160 passuum
2022 2088 2215 2157 fluens,
2240 2095 2454 2148 navium

1423 2188 1523 2242 per
1566 2172 1669 2221 260
1712 2168 1875 2221 millia
1918 2187 2171 2240 passuum
2217 2192 2246 2226 a
2289 2174 2451 2228 Varia

1421 2247 1625 2320 oppido
1662 2266 1883 2319 capax--
1920 2249 2037 2302 Hoc
2072 2253 2453 2306 commercium

1419 2346 1517 2399 per
1546 2324 1758 2380 Iberum
1800 2326 2025 2382 maxime
2064 2328 2135 2382 ad
2173 2331 2455 2387 Dertosam

1421 2408 1641 2474 urbem,
1658 2406 1738 2459 illi
1764 2406 2118 2478 adjacentem,
2134 2408 2456 2481 pertinuisse

1421 2485 1578 2540 docet
1597 2487 1780 2539 Petrus
1798 2491 1861 2538 de
1885 2493 2097 2550 Marcu,
2123 2490 2289 2543 Marc.
2307 2492 2454 2565 Hisp-

1419 2567 1511 2631 11,
1540 2568 1609 2620 8:
1651 2564 1845 2620 unde*
1830 2586 1885 2619 m
1930 2570 2045 2641 ejus
2091 2572 2325 2625 nummis
2370 2592 2453 2627 ex·

1423 2664 1599 2716 pressa
1619 2646 1767 2697 navis
1790 2663 1911 2698 eum
1932 2647 2107 2700 remis.
2120 2648 2455 2705 Ilercaonum

1423 2725 1571 2796 regio
1589 2762 1606 2787 ,
1662 2724 1815 2795 cujus
1867 2724 2090 2778 Dertosa
2136 2740 2295 2799 caput
2322 2767 2337 2793 ‚
2392 2752 2453 2785 ea

1425 2803 1655 2855 maxime
1692 2814 1771 2854 est
1793 2839 1810 2866 ,
1838 2806 2015 2873 'cujus
2051 2822 2182 2875 opes
2209 2804 2313 2859 hoe
2337 2807 2456 2863 loco

1425 2880 1604 2935 laudat
1643 2881 1893 2935 Avienus.
1938 2882 2103 2953 Cujus
2144 2884 2305 2938 etiam
2340 2888 2457 2943 alie

1425 2962 1587 3015 nrbes
1605 2959 2013 3033 opulentissimo
2048 2962 2407 3033 pradicantur
2426 2988 2456 3022 a

1427 3040 1813 3113 scriptoribus,
1856 3052 1915 3093 ut
1936 3040 2173 3095 Tarraco
2202 3063 2237 3097 a
2269 3045 2453 3121 Pomp.

1426 3119 1593 3186 Mela,
1632 3119 1726 3171 lib.
1755 3119 1983 3193 11,cap.
2004 3122 2070 3183 6,
2101 3126 2200 3189 40,
2222 3135 2275 3176 et
2301 3126 2456 3182 lbera

1429 3200 1557 3253 urbs
1583 3217 1618 3252 a
1641 3198 1946 3271 propinquo
1980 3197 2199 3255 flumine
2224 3204 2456 3277 adpella-

1427 3292 1480 3334 ta
1498 3320 1517 3345 ‚
1538 3276 1680 3351 apud
1709 3278 1825 3332 Liwr.
1844 3278 2066 3343 xxm,
2106 3280 2171 3332 28
2194 3318 2211 3343 ,
2238 3295 2290 3335 et
2316 3284 2453 3339 infra

1428 3377 1480 3412 v.
1501 3358 1637 3411 520:
1669 3383 1691 3404 ι
1714 3357 2061 3411 Barcinorum
2082 3376 2290 3414 amoena
2305 3364 2455 3419 sedes

1429 3436 1621 3491 ditium
1640 3462 1686 3490 ι.

1506 3516 1624 3582 504.
1644 3522 1791 3570 Mons
1816 3536 1939 3569 acer
1951 3532 2102 3586 capue
2122 3522 2306 3572 exserit
2325 3523 2455 3578 Ven.

1433 3610 1486 3651 et
1512 3596 1649 3650 pith.
1678 3616 1819 3648 mone
1837 3600 1992 3649 Sacer
2012 3595 2299 3654 Hudsonus
2317 3604 2459 3657 exbi-

1431 3680 1523 3733 bet
1543 3675 1909 3748 probabiliter,
1934 3694 2255 3749 quamquam
2276 3680 2343 3733 cle
2364 3684 2459 3737 Sa-

1434 3776 1529 3811 cro
1555 3755 1916 3829 promontorio
1952 3754 2043 3809 hic
2074 3776 2187 3810 non
2222 3761 2458 3831 cogitan-

1432 3836 1565 3890 dum
1583 3874 1600 3901 ,
1662 3834 1731 3887 de
1792 3853 1901 3905 quo
1962 3834 2223 3899 similibus
2282 3842 2459 3899 verbis

1435 3918 1681 3969 utebatur
1712 3913 1901 3967 Noster
1926 3934 2005 3969 vs.
2028 3915 2129 3968 322
2152 3937 2167 3969 ε
2194 3918 2459 3975 «Sacrum

1432 3995 1691 4067 superbas
1706 3994 1859 4066 erigit
1878 4006 2057 4049 cautes
2072 4000 2259 4067 iugum
2272 4024 2313 4051 ιι.
2331 3999 2461 4053 For-

1433 4088 1571 4130 tasse
1592 4074 1829 4129 hocloco
1856 4094 1997 4127 mons
2018 4078 2157 4127 Iovii
2170 4076 2459 4149 intelligen-

1433 4156 1559 4221 dus,
1592 4173 1751 4226 quem
1788 4153 2038 4231 describit
2070 4154 2209 4206 Mela
2226 4194 2244 4219 ‚
2260 4168 2314 4207 et
2336 4169 2455 4227 post
