2996 4685
825 347 960 420 DE
1022 351 1667 422 CARMINIBUS
1733 347 2109 423 AVIENI.
2437 352 2523 434 41

400 471 596 547 ι’ἱιιιε·
623 475 810 545 vitiis
842 479 1142 546 laborat:
1193 480 1411 568 primo
1457 479 1723 568 quidem
1743 525 1762 561 ,
1808 479 1987 570 quod
2032 479 2535 570 Cannegieterus

402 586 722 651 Avianum
747 585 1072 650 existimat
1093 586 1161 649 in
1185 586 1561 675 praefatione
1585 587 1819 650 seriem
1844 586 2153 650 omnium·
2168 584 2532 650 fabularum

397 707 743 756 auctorum
771 690 855 756 ad
885 715 1002 757 sua
1032 715 1244 782 nsque
1277 709 1571 782 tempora
1601 715 1939 758 recensere
1962 691 2277 776 voluisse3
2297 691 2533 758 deinde

399 796 582 884 quod
622 797 1017 885 proeteritum
1053 797 1136 862 ab
1172 797 1426 862 Aviano
1450 799 1781 863 Titianum
1819 798 1989 864 falsae
2021 797 2316 888 adsignat
2344 819 2533 862 caus·

397 923 504 968 βω.
537 904 836 968 Avianus'
862 920 939 968 ut
979 904 1316 968 materiam
1360 903 1727 968 fabularum
1759 928 1798 968 a
1836 925 1906 968 se
1948 909 2331 992 susceptam·
2347 925 2532 968 com·

397 1007 663 1074 mendet
677 1057 696 1090 ,
732 1008 918 1074 ducis
950 1025 1017 1073 et
1047 1011 1330 1074 auctoris
1367 1010 1506 1090 ejus
1540 1009 1769 1098 AEsopi
1809 1010 2044 1074 famam
2087 1026 2155 1075 et
2190 1010 2535 1074 auctorita·

395 1129 528 1178 tem
568 1113 871 1203 praedicat
889 1164 910 1198 ,
963 1137 1161 1203 quem
1214 1115 1304 1180 ait
1345 1131 1413 1180 et
1453 1116 1771 1204 Apollinis
1811 1116 2108 1205 Delphici
2150 1116 2407 1181 monitu
2444 1115 2530 1180 sd

392 1219 638 1284 fabulas
674 1219 1045 1286 scribendas
1074 1221 1452 1304 excitatum,
1485 1239 1551 1286 et
1584 1247 1621 1286 a
1652 1223 2053 1311 sapientibus
2084 1222 2237 1287 viris
2264 1221 2526 1286 maximi

391 1325 636 1390 factum
665 1349 802 1399 esse
831 1377 850 1410 ,
889 1349 1178 1416 quorum
1207 1329 1313 1392 alii
1344 1328 1595 1394 fabulas
1626 1329 1796 1393 illius
1828 1352 1953 1418 pro
1986 1312 2283 1418 ei'templo
2317 1326 2528 1392 addu-

393 1433 604 1496 xerint
640 1434 708 1496 in
749 1434 1158 1500 sermonibus
1201 1435 1333 1501 suis
1349 1485 1368 1519 ,
1401 1437 1509 1500 alii
1548 1435 1713 1500 adeo
1743 1435 2037 1514 versibus
2071 1434 2521 1524 expresserint.

391 1540 466 1603 ln
502 1539 640 1604 istis
673 1540 973 1607 nominat
1009 1541 1341 1608 Socratem
1381 1560 1448 1606 et
1485 1543 1824 1624 Flaccum,
1868 1543 1937 1606 in
1976 1542 2077 1606 his
2112 1541 2419 1606 Babrium
2460 1555 2529 1605 et

391 1643 760 1711 Phaedrum.
819 1646 1018 1711 Vides
1048 1695 1067 1729 ,
1125 1670 1262 1712 non
1320 1649 1553 1712 seriem
1607 1665 1675 1713 et
1727 1648 2029 1714 ordinem
2083 1647 2527 1736 antiquiorum

388 1765 731 1814 auctorum
748 1799 768 1831 ,
791 1752 908 1838 qui
938 1753 1250 1841 apologos
1271 1753 1579 1840 AEsopios
1603 1754 2007 1842 scripserint,
2036 1752 2385 1834 recenseri,
2410 1751 2523 1839 qui

387 1857 681 1944 profecto
713 1858 899 1921 aliter
931 1873 998 1922 et
1042 1858 1298 1945 plenius
1337 1860 1565 1922 fuisset
1608 1856 2109 1923 constituendus
2126 1906 2143 1939 ,
2196 1858 2251 1920 si
2282 1855 2351 1920 id
2379 1855 2527 1945 qui-

387 1958 539 2024 dem
570 1961 878 2026 voluisset
905 1961 1234 2044 Avianus3
1284 1985 1501 2050 neque
1546 1963 1875 2026 Socratem
1923 1979 1989 2026 et
2028 1962 2369 2026 Horatium
2403 1983 2526 2048 pro

387 2066 752 2132 fabularum
801 2067 1220 2156 AEsopiarum
1273 2068 1699 2157 scriptoribus
1761 2083 1877 2132 aut
1927 2067 2383 2133 collectoribus
2442 2065 2525 2132 ab

387 2174 640 2237 Aviano
679 2173 904 2238 haberi
923 2224 942 2257 ,
981 2173 1096 2238 sed
1144 2196 1265 2262 pro
1317 2175 1426 2251 iis,
1471 2176 1589 2263 qui
1643 2175 1888 2240 fabulas
1934 2174 2247 2240 doctrinae
2299 2195 2523 2238 caussa

385 2278 668 2345 subinde
707 2279 1126 2347 adhibuerint
1166 2303 1288 2370 pro
1336 2282 1652 2371 exemplo.
1693 2280 1980 2348 Proinde
2026 2281 2109 2347 ab
2151 2281 2254 2347 his
2300 2279 2527 2345 distin-

387 2386 560 2475 guit,
613 2408 780 2474 quos
830 2387 1134 2476 deinceps
1173 2387 1429 2471 laudat,
1473 2389 1781 2453 Babrium
1827 2406 1893 2453 et
1934 2386 2317 2469 Phaedrum,
2356 2409 2521 2475 quos

385 2490 543 2557 dicit
585 2493 830 2557 fabulas
857 2493 1158 2582 AEsopias
1203 2517 1342 2559 non
1385 2512 1643 2561 tantum
1688 2494 1983 2559 laudasse
2032 2510 2115 2559 et
2136 2516 2481 2582 usurpasse
2500 2541 2521 2575 ,

387 2596 498 2661 sed
529 2598 862 2683 repetitas,
909 2614 978 2661 et
1003 2596 1270 2686 quidem
1302 2598 1597 2663 versibus
1636 2598 1960 2674 iambicis,
2004 2600 2075 2661 in
2120 2598 2373 2687 aliquot
2401 2598 2520 2661 vo'-

385 2710 635 2774 lumina
662 2712 1012 2801 collegisse.
1045 2711 1293 2776 Laudat
1330 2728 1549 2777 autem
1583 2736 1694 2777 eos
1729 2714 1942 2777 solum
1987 2712 2351 2777 fabularum
2385 2712 2521 2779 col-

386 2816 696 2893 lectores,
749 2816 864 2905 qui
903 2817 1194 2883 versibus
1249 2820 1680 2908 scripserunt,
1728 2818 1910 2908 quod
1952 2840 2183 2882 eorum
2225 2820 2520 2908 exemplo

389 2944 582 2985 suum
619 2923 827 3011 ipsius
853 2923 1231 3006 eonsilium,
1265 2924 1382 3012 qui
1409 2925 1605 3013 elegis
1637 2924 1909 3006 scribat,
1932 2923 2074 2988 vult
2100 2924 2519 2989 commenda·
2622 2915 2625 2919 ’

386 3042 562 3110 tum3
605 3028 721 3093 sed
770 3028 926 3093 hinc
972 3028 1238 3118 adpaoe't
1277 3030 1508 3113 etiam,
1552 3054 1671 3095 cur
1711 3031 2091 3095 Titianum
2064 3032 2413 3118 ,quamvis
2452 3054 2523 3096 se

391 3134 719 3221 priorem,
761 3134 866 3199 his
913 3136 1293 3201 auctoribus
1346 3158 1685 3202 accensere
1737 3137 2040 3201 noluerit.
2098 3133 2325 3201 Hunc
2351 3137 2527 3201 enim

388 3242 719 3305 Ausonius
761 3242 800 3306 l.
842 3265 896 3306 c.
927 3260 1201 3308 testatur
1239 3244 1469 3333 AEsopi
1519 3245 1852 3335 apologos,
1892 3244 2187 3307 versibus
2233 3244 2524 3309 iambicis

389 3345 694 3409 trimetris
731 3370 768 3409 a
800 3349 1109 3435 quopiam
1140 3366 1438 3417 veterum
1468 3368 1808 3438 poetarum
1850 3370 2056 3438 graece
2089 3349 2523 3467 conscriptos,

386 3453 704 3517 cranone
713 3452 996 3543 pedestri
1024 3472 1091 3519 et
1117 3457 1330 3520 soluta
1359 3458 1623 3523 Latinos
1655 3458 1917 3523 sccisse:

949 3592 1244 3665 Apologos,
1271 3614 1364 3660 e,n
1384 3614 1457 3649 nn
1439 3595 1526 3648 isit
1556 3596 1684 3662 tibi,

951 3680 1213 3752 AEsopiam
1241 3684 1586 3738 trimetriam:

950 3772 1122 3837 Quam
1147 3774 1304 3826 vertit
1333 3774 1452 3827 exili
1481 3776 1646 3848 stylo,

959 3858 1210 3914 Pedestre
1230 3863 1557 3915 concinnans
1580 3878 1715 3934 opus
1728 3904 1745 3927 ‚

949 3946 992 4001 F
993 3946 1117 4001 andi
1137 3948 1381 4019 Titianus
1399 3946 1627 4005 artifex(

387 4090 660 4179 Apologi
691 4092 944 4183 AEs‘opii
977 4096 1250 4162 trimetri
1272 4146 1289 4179 ,
1335 4121 1501 4187 quos
1536 4098 1865 4199 Titianum
1904 4104 2171 4169 vertisse
2196 4106 2525 4171 Ausonius
