2996 4685
869 430 1342 501 CARMINA
1393 430 1825 500 MINORA.

2278 426 2411 524 517

387 553 689 622 Divisere
733 551 1002 635 domos,
1038 565 1105 618 et
1141 551 1435 643 pondera
1473 551 1777 645 partibus
1818 566 2104 644 aequant.

387 667 544 730 Haec
576 675 683 748 ut,
714 661 958 746 amice,
995 675 1255 754 petam,
1285 676 1541 754 cogunt
1576 661 1837 729 fastidia
1882 659 2094 755 longis

385 773 559 840 Nata
597 770 820 856 malis,
857 784 926 838 et
966 769 1146 863 quod
1183 771 1451 864 penitus
1489 768 1772 853 fellitus‚
1808 795 2109 838 amarans

388 883 558 964 Ora,
587 904 786 973 sapor
821 878 914 947 nil
956 877 1148 948 dulce
1185 903 1335 948 meo
1368 880 1527 948 sinit
1563 905 1703 950 esse
1736 880 1979 974 palato.

384 993 644 1058 Horum
683 989 886 1084 igitur
917 1013 1114 1057 succo
1147 988 1372 1057 forsan
1405 989 1671 1059 fastidia
1707 989 1998 1074 solvenS‚

383 1098 485 1168 Ad
531 1099 759 1170 solitas
794 1123 1065 1168 revocer
1097 1101 1344 1170 mensis
1381 1100 1815 1170 redeuntibus
1846 1125 2045 1170 escas.

383 1214 525 1280 Nec
563 1225 827 1278 tantum
865 1210 1091 1278 miseri
1128 1209 1361 1277 videar
1400 1235 1738 1304 possessor
1778 1209 2008 1304 agelli,
2373 1237 2421 1275 2⁵

383 1325 482 1391 Ut
513 1346 723 1416 genus
758 1320 890 1390 hoc
932 1319 1131 1389 arbos
1167 1318 1354 1388 nullo
1400 1319 1565 1388 mihi
1602 1319 1839 1389 floreat
1881 1320 2114 1388 horto:

381 1433 716 1520 Nascitur,
755 1447 824 1500 et
858 1429 1086 1500 multis
1125 1444 1360 1499 onerat
1385 1455 1503 1498 sua
1532 1429 1806 1498 brachia
1836 1429 2084 1523 pomiS‚

382 1539 510 1609 Sed
547 1541 767 1633 gravis
808 1554 1150 1610 austerum
1188 1538 1318 1607 fert
1356 1561 1591 1608 succus
1634 1539 1719 1608 ad
1756 1564 1874 1607 ora
1918 1563 2243 1633 saporem.

361 1742 438 1793 19.
476 1731 541 1776 Ee
569 1729 800 1794 pondera
835 1728 1052 1795 partibus
1091 1723 1308 1793 aeq'uant.

286 1807 511 1855 Postibus
559 1804 678 1858 eod.
709 1807 868 1859 Voss.
909 1820 962 1858 et
1000 1805 1082 1858 ed.
1103 1804 1308 1857 Veneta

285 1882 429 1936 vict.
462 1883 638 1937 Pisan.
663 1885 849 1938 Buuu.
879 1915 943 1925 —
965 1886 1181 1936 Pardbus
1207 1880 1308 1934 du-

285 1959 416 2013 dum
441 1961 722 2015 ediderunt
739 1962 878 2015 Pith.
898 1975 950 2015 et
969 1962 1202 2015 nivinus.

359 2060 440 2094 ao.
455 2045 674 2094 Fastidia
692 2045 856 2110 longis
873 2047 1014 2095 Nara
1033 2044 1196 2094 malis.
1210 2041 1311 2094 Co-

285 2119 497 2172 lumella
514 2159 529 2184 ,
555 2121 606 2172 X
627 2162 643 2188 ‚
672 2124 798 2188 180,
826 2121 894 2174 de
911 2121 1143 2174 lactuca:
1175 2120 1311 2175 «Tri—

285 2201 384 2252 stia
447 2217 566 2270 quae
627 2199 824 2253 relevat
885 2199 1028 2271 longi
1095 2199 1307 2254 fastidia

285 2279 460 2331 morbi
482 2304 524 2328 υ.

357 2378 441 2412 21.
477 2364 543 2409 Et
579 2363 716 2427 quod
737 2362 934 2427 penitus
945 2360 1142 2428 fellitus
1167 2378 1306 2411 ama-

283 2457 402 2489 mns
420 2444 523 2489 Ora
541 2458 692 2505 sapor
707 2458 728 2489 :
751 2438 821 2490 ita
837 2438 1187 2491 scribendum.
1209 2444 1305 2491 Ore

282 2518 352 2569 ab
370 2517 487 2569 aliis
509 2517 646 2569 male
665 2516 932 2570 adfertur:
960 2536 1144 2569 sensus
1162 2519 1302 2571 enim

285 2609 362 2645 est
376 2634 389 2653 ,
414 2596 780 2662 supet-finitus,
801 2613 894 2647 seu
911 2596 1032 2647 selle
1049 2596 1305 2660 imbutus,

286 2691 526 2723 amaram
555 2693 672 2731 ora,
717 2673 824 2725 sive
851 2691 941 2724 ora
973 2692 1149 2726 amara
1181 2674 1303 2727 red-

287 2748 418 2803 dens
435 2788 450 2814 ,
480 2763 578 2803 etc.
605 2751 848 2821 Utraque
890 2768 987 2801 vox
1019 2751 1214 2817 fellinas
1256 2765 1307 2805 et

285 2849 522 2881 uenat-ans
567 2848 740 2884 aivum
779 2829 1008 2882 auctoris
1056 2832 1307 2901 agnoscit.

283 2907 480 2962 Glossae
502 2908 813 2973 Philoxeni,
842 2928 898 2980 p.
923 2914 990 2979 74
1011 2948 1026 2973 ,
1053 2908 1141 2962 ed.
1168 2910 1307 2963 Lab-

283 2988 386 3041 baei
409 3005 424 3039 ε
452 2992 671 3050 Fellims,
694 2988 892 3047 Χολικός
911 3007 922 3018 ·
944 2990 1238 3057 sicsellitum
1258 3006 1309 3042 ee

284 3086 592 3119 venenosum
649 3072 880 3136 poculum
925 3068 1125 3138 profert
1163 3068 1304 3123 Can-

283 3146 402 3215 gius
431 3166 494 3199 ex
520 3146 778 3217 scriptore
803 3146 944 3217 apud
970 3147 1148 3200 Baluz.
1177 3161 1303 3201 tom.

287 3226 364 3275 v1
387 3266 402 3292 ,
425 3224 651 3277 Miscell.
673 3244 792 3297 pag.
815 3226 942 3277 281:
975 3238 1026 3277 et
1038 3227 1278 3293 sellicitus
1292 3269 1307 3294 ,

289 3322 386 3374 pro
425 3304 546 3356 felle
574 3304 839 3366 suffusus,
868 3321 930 3355 ex
961 3304 1132 3357 Plinio
1152 3306 1307 3359 Vale·

287 3383 436 3435 riano
447 3382 671 3435 Vossius
683 3422 698 3447 ,
717 3382 807 3433 lib.
819 3382 902 3433 111
914 3424 929 3448 ,
948 3382 1014 3435 de
1028 3383 1138 3436 Vit.
1150 3402 1307 3440 serm.

288 3480 405 3533 pag.
437 3463 538 3525 428
561 3480 574 3512 τ
602 3461 706 3513 nisi
733 3460 840 3513 illic
850 3463 1044 3530 finitus
1061 3464 1308 3518 substitui

287 3540 498 3605 debeat,
514 3539 638 3612 quia
635 3541 832 3609 finitus
845 3542 1018 3608 aselle,
1031 3552 1090 3595 ut
1102 3547 1308 3596 mellitus

287 3638 318 3672 a
352 3624 524 3672 melle:
549 3622 827 3671 amarizare
859 3638 956 3689 pro
989 3640 1221 3674 amarat-e
1245 3644 1308 3677 ex

288 3699 472 3753 eodem
489 3698 661 3751 Plinio
681 3698 894 3751 Medico
914 3697 1087 3751 adfert
1103 3700 1196 3753 lib.
1210 3704 1310 3771 IV,

288 3798 341 3848 p.
368 3780 504 3832 653:
545 3776 637 3832 sed
667 3779 784 3832 haec
819 3791 1024 3831 :etatem
1059 3780 1309 3834 carminis

285 3856 447 3929 hujus
487 3858 781 3928 sequiorem
828 3856 1091 3929 produnt3
1127 3876 1311 3930 quem-

288 3935 578 3988 admodum
616 3940 751 3987 succi
790 3954 890 3987 vox
932 3956 980 3989 v.
1013 3936 1112 3999 23,
1157 3941 1223 3992 28
1258 3952 1311 3992 et

293 4018 352 4070 31
385 4034 693 4081 recurrens,
719 4015 1028 4087 elegantiam
1068 4018 1181 4089 ejus
1219 4037 1311 4089 pa-

290 4114 408 4148 rum
440 4107 610 4167 auget.
638 4096 819 4147 Bunn.
837 4126 904 4134 —
931 4094 1307 4166 Distinguenda

291 4176 402 4229 haec
423 4177 605 4240 verba,
625 4176 703 4229 uti
726 4174 941 4229 Rivinus
969 4175 1110 4242 fecit,
1126 4203 1150 4223 ‹-
1165 4178 1309 4249 quod

1398 1724 1605 1794 penitus
1634 1723 1830 1776 fellitus
1849 1763 1863 1788 ‚
1904 1741 2153 1775 amarans
2177 1723 2281 1775 Ora
2301 1763 2316 1789 ,
2342 1743 2425 1776 sa·

1468 1822 1555 1856 r».

1397 1821 1554 1935 poa-3.
1581 1888 1763 1935 Forsan
1789 1881 2013 1950 fastidia
2047 1885 2267 1942 solvens,
2295 1879 2347 1931 h.
2377 1903 2419 1932 e.

1397 1963 1609 2030 levans,
1643 1963 1908 2035 depellens
1940 1961 2147 2030 fastidia
2187 1981 2216 2013 e
2260 1961 2426 2015 fellito

1397 2060 1583 2114 sapore
1600 2082 1615 2107 ,
1668 2057 1727 2096 ut
1767 2047 1951 2095 solvere
1988 2043 2187 2111 jejunia
2236 2041 2423 2094 dicunt

1396 2135 1563 2192 poetae
1584 2163 1598 2187 ‚
1630 2141 1727 2192 pro
1748 2123 1939 2174 famem
1960 2119 2239 2191 depellere.
2260 2120 2422 2188 Quod

1396 2201 1579 2254 fecisse
1607 2201 1924 2272 Proserpina
1954 2199 2097 2272 apud
2120 2199 2319 2253 inferos
2348 2200 2422 2252 fe-

1392 2281 1611 2333 rebatur
1639 2280 1825 2332 Punici
1872 2278 1999 2331 mali
2035 2280 2217 2351 granis
2250 2298 2441 2342 comes

1390 2360 1478 2411 sis.
1506 2359 1665 2413 Ovid.
1694 2360 1821 2413 Met.
1839 2360 1911 2426 V,
1943 2358 2043 2412 535
2072 2377 2083 2409 ε
2120 2386 2146 2405 α
2165 2359 2421 2429 quoniam

1388 2438 1585 2512 jejunia
1615 2439 1763 2511 virgo
1789 2438 2030 2491 Solverat
2051 2475 2066 2502 ,
2094 2450 2169 2491 et.
2187 2476 2230 2491 ..
2261 2440 2418 2492 Puni·
2500 2434 2517 2511 ’-

1393 2534 1546 2569 ceum
1570 2536 1733 2570 curva
1758 2516 2089 2589 decerpserat
2108 2518 2296 2570 arbore
2321 2538 2417 2591 po-

1397 2614 1575 2661 mum,
1602 2597 1931 2667 Sumptaque
1967 2596 2187 2667 pallenti
2229 2609 2420 2668 septem

1394 2675 1462 2728 de
1482 2675 1677 2727 cortice
1696 2694 1861 2745 grana
1873 2676 2137 2729 Presserat
2156 2696 2246 2727 ore
2266 2697 2361 2729 suo
2374 2705 2414 2730 u.

1394 2753 1696 2806 Scribonius
1722 2753 1878 2825 Larg.
1904 2752 2059 2805 etiam
2083 2772 2201 2817 eos,
2225 2756 2419 2825 quibus

1395 2834 1701 2903 frequenter
1723 2832 1971 2884 inacescit
1998 2833 2169 2895 cibus,
2186 2835 2279 2905 qui
2297 2837 2419 2887 assi-

1395 2908 1501 2962 due
1546 2922 1836 2972 nauseant,
1886 2911 1967 2964 vel
2007 2908 2181 2963 inedia
2228 2932 2415 2965 consu-

1395 3000 1633 3055 muntur,
1651 2990 1788 3041 inter
1804 2988 1905 3041 alia
1924 3008 2141 3042 succum
2156 2990 2416 3044 malorum

1393 3079 1732 3139 granatorum
1746 3066 2042 3120 remediare
2054 3068 2257 3133 scribit,
2269 3070 2421 3122 Com-

1395 3166 1509 3218 pos.
1540 3154 1657 3211 ιο4.
1678 3148 1745 3199 Et
1765 3144 1832 3200 de
1849 3146 1977 3199 mali
2000 3146 2193 3200 Medici
2224 3167 2321 3199 usu
2348 3148 2413 3199 ad

1395 3224 1789 3279 emendandum
1842 3226 1951 3279 oris
1982 3226 2201 3279 fetorem
2228 3226 2382 3279 Maro
2401 3266 2416 3291 ,

1395 3305 1592 3377 Georg.
1618 3306 1675 3355 11
1694 3346 1709 3371 ,
1744 3304 1877 3367 134:
1922 3330 1943 3350 ε
1966 3305 2169 3357 animas
2194 3317 2247 3357 et
2271 3305 2416 3357 olen-

1398 3384 1466 3437 tia
1487 3383 1631 3437 Medi
1650 3384 1754 3435 Ora
1782 3384 1963 3435 fovent
1984 3381 2077 3436 illo
2092 3422 2107 3447 ,
2126 3396 2177 3435 et
2205 3384 2414 3436 senibus

1398 3463 1727 3517 medicantur
1757 3460 1958 3515 anhelis
1974 3488 2016 3511 ».

1471 3543 1553 3596 25.
1584 3547 1687 3593 Nec
1725 3556 1915 3592 tantum
1951 3545 2135 3593 miseri.
2172 3538 2249 3594 Ne
2277 3554 2419 3594 recte

1397 3622 1514 3675 cod.
1558 3623 1714 3674 Voss.
1768 3633 1818 3672 et
1867 3639 1938 3674 vs.
1998 3640 2061 3690 ²7
2113 3636 2160 3672 et
2218 3625 2403 3679 multis,
2436 3612 2449 3625 ’

1397 3715 1456 3753 ut
1490 3702 1741 3771 inKmarg.
1780 3698 1867 3750 ed.
1903 3700 2038 3752 Pith.
2082 3699 2227 3770 apud
2255 3719 2417 3771 quem

1398 3801 1465 3832 ex
1501 3778 1639 3831 male
1666 3779 1721 3828 in
1751 3789 1930 3830 textu:
1966 3790 2020 3831 et
2056 3778 2131 3830 sic
2167 3777 2251 3831 ed.
2279 3779 2413 3830 Ven.

1398 3872 1450 3913 et
1481 3870 1705 3909 onerant.
1739 3856 1921 3910 Bonas.
1960 3888 2028 3897 --
2057 3857 2413 3910 Retinendum

1399 3951 1475 3993 est
1492 3942 1598 3990 Nec
1613 3958 1630 3986 .·
1652 3947 1703 3989 et
1718 3950 1901 3987 tantum
1917 3956 2016 4009 pro
2029 3941 2157 3988 adeo
2169 3936 2413 4007 positum.

1399 4019 1586 4089 Neque
1602 4033 1697 4085 ego
1715 4013 1848 4067 adeo
1860 4014 2038 4068 miseri
2050 4013 2201 4086 agelli
2221 4032 2419 4085 posses-

1397 4117 1484 4151 sor
1507 4092 1675 4149 videri
1700 4092 1875 4147 velim.

1474 4176 1559 4229 28.
1594 4176 1693 4225 Sed
1716 4176 1882 4242 grac-is
1917 4187 2157 4225 austerum
2276 4188 2421 4237 sapo-
