2996 4685
507 382 642 467 164

1259 383 1343 449 R.
1395 382 1466 447 F.
1522 378 1893 451 AVIENI

601 506 988 599 AEthiopum
1028 502 1310 599 populos
1347 501 1464 572 alit
1500 500 1707 596 ampli
1746 503 2013 597 cespitis
2046 526 2201 585 ora,

512 616 536 629 “
599 616 960 683 Terminus
993 614 1382 709 AEthiopiim
1426 611 1715 708 populos
1756 613 1897 682 adit
1933 612 2167 682 ultima
2207 616 2448 681 Cerne.

601 730 758 795 Post
807 721 1102 818 Blemyes
1137 722 1334 791 medii
1375 722 1745 793 succedunt
1780 721 1937 793 solis
1968 722 2265 791 habenas
2286 776 2305 805 ‚

606 842 910 931 Corpora
957 835 1256 929 proceri,
1309 835 1484 930 nigri
1532 850 1720 919 cute,
1762 835 2011 903 viscera
2050 833 2249 917 sicci.

2575 852 2655 891 330

603 951 688 1017 Et
721 947 1184 1019 circumvincti
1224 945 1448 1013 nervis
1485 946 1903 1014 exstantibus
1939 957 2145 1012 artus.

508 1128 707 1178 Verum
756 1130 820 1175 Et
853 1126 1062 1193 procul,
1113 1122 1238 1175 dein
1301 1125 1543 1174 madescit
1625 1122 1947 1195 Carthagine
1972 1130 2177 1193 ponunt
2196 1118 2468 1179 nonnulli,
2491 1116 2657 1169 dulci·

513 1206 662 1259 malit
680 1204 902 1257 Oddius.

587 1288 705 1355 3²7.
733 1287 1006 1351 AEtbe'opum
1028 1286 1238 1354 >populos
1271 1283 1364 1333 alie
1373 1318 1528 1333 .....

1628 1204 1730 1256 bus
1760 1204 1915 1275 aquis
1939 1212 2241 1255 scatentem.
2276 1197 2402 1251 vid.
2434 1198 2655 1251 Salmas.

1627 1280 1695 1337 ad
1715 1284 1875 1338 Solin.
1893 1294 1930 1335 t.
1957 1284 2010 1334 ΙΙ
2032 1321 2047 1345 ,
2084 1299 2135 1353 p.
2166 1280 2315 1343 1243.
2349 1278 2452 1333 Sed
2472 1278 2558 1332 hic
2578 1278 2658 1331 in·

519 1368 766 1417 Terminus
788 1367 1063 1431 ,Ethiopian
1085 1367 1291 1431 populos
1317 1364 1422 1414 alie.
1451 1362 1543 1413 Sic
1628 1362 1915 1435 telligenda
1934 1373 2009 1415 est
2038 1360 2213 1413 insula
2230 1359 2534 1412 Menuthias
2556 1358 2655 1409 Pli-

514 1464 614 1517 pro
633 1448 740 1495 adit
759 1456 984 1515 utroque
1004 1461 1162 1495 versu
1185 1453 1376 1514 preter
1395 1440 1546 1493 Hud-
1628 1443 1719 1495 nio
1737 1442 1877 1495 dicta
1904 1444 2086 1500 Cerne,
2110 1456 2261 1493 nunc
2286 1442 2651 1506 Madayascar,

515 1541 704 1577 sonum
757 1539 1035 1575 correxere
1093 1520 1328 1575 Withof.
1401 1519 1544 1591 Higt.

515 1601 696 1657 Heins.
727 1614 780 1655 et
807 1602 876 1653 ls.
896 1600 1120 1652 Vossius
1149 1597 1216 1653 ad
1249 1599 1394 1671 Scyl.
1421 1618 1545 1671 pag.

523 1700 644 1752 ¹²7·
667 1681 752 1735 ed.
775 1681 942 1734 Grou.
965 1700 1014 1751 p.
1035 1683 1123 1746 61,
1160 1679 1241 1731 ed.
1263 1678 1432 1731 Huds.
1457 1678 1545 1731 cui

515 1763 634 1817 laus
661 1762 864 1815 inventi
891 1761 1146 1813 debuerat
1170 1758 1346 1811 tribui.
1365 1760 1548 1811 Posset

518 1842 674 1895 etiam
701 1841 804 1913 legi
832 1844 980 1893 habet
1005 1860 1036 1893 c
1061 1839 1218 1891 Plinii
1245 1839 1363 1890 loco
1381 1876 1397 1901 ,
1435 1838 1517 1889 vl
1534 1878 1548 1903 ,

525 1942 574 1986 1,
602 1922 696 1976 36:
725 1948 751 1967 κ
774 1920 997 1974 Cerne..
1013 1918 1317 1989 .AEthiopas
1342 1929 1551 1970 tantum

517 2001 743 2073 populos
786 2001 988 2055 habere
1031 1996 1272 2071 proditur
1295 2018 1342 2061 »ς
1389 2016 1552 2069 quem

515 2092 772 2152 sequutus
795 2080 1009 2133 videtur
1030 2078 1275 2130 Avienus.
1295 2076 1398 2131 Sed
1427 2077 1554 2130 Dio-

518 2160 654 2233 nysii
703 2163 966 2227 βόσκονται
1012 2158 1170 2211 unice
1221 2158 1398 2210 firmat
1447 2161 1555 2209 alit.

521 2240 681 2291 Scan.
727 2268 795 2278 -
838 2240 940 2291 Sed
974 2238 1028 2291 in
1064 2238 1233 2289 altero
1258 2256 1417 2289 versu
1447 2256 1555 2289 non

523 2314 881 2370 deserendum
906 2335 1019 2370 esse
1040 2320 1150 2368 adit
1171 2329 1412 2370 veterum
1431 2314 1555 2369 edd.

523 2415 734 2451 censeo.
780 2423 802 2443 ι
827 2397 1140 2468 AEthiopum
1177 2397 1406 2468 populos
1446 2395 1559 2449 adit

525 2478 710 2529 ultima
752 2479 1002 2540 Cernen,
1039 2475 1092 2529 h.
1131 2495 1178 2530 e.
1222 2476 1519 2548 propinqua
1541 2515 1557 2540 ,

527 2556 703 2610 vicina
729 2555 794 2608 iis
819 2554 1037 2627 populis
1067 2568 1161 2608 est.
1195 2555 1281 2609 Sic
1311 2573 1386 2606 vs.
1416 2564 1554 2626 704:

527 2663 552 2682 0.
569 2633 838 2708 Cyclades
856 2634 1120 2688 accedunt
1141 2635 1318 2686 Asiam
1335 2659 1384 2698 a,
1401 2648 1562 2707 atque

527 2715 634 2768 hoc
655 2714 904 2768 convenit
925 2733 1096 2786 graeco
1117 2715 1336 2786 Dionys.
1354 2732 1404 2766 v.
1426 2731 1558 2784 219:

531 2797 806 2857 Δίθιοπῆις.
827 2835 838 2848 .
861 2837 873 2850 .
905 2798 1138 2868 πυμάτης
1179 2795 1322 2866 παρὰ
1359 2799 1563 2867 rigni-sa.

533 2878 734 2946 Rip-om.
757 2875 824 2926 Et
842 2874 915 2927 sic
934 2875 1198 2927 refutatur
1226 2873 1408 2945 opinio
1424 2877 1561 2928 Vos·

531 2953 590 3006 sii
633 2949 701 3005 ad
737 2951 939 3026 Scylac.
978 2954 1016 3006 l.
1055 2971 1102 3004 c.
1139 2953 1292 3025 quasi
1326 2953 1561 3006 Avienus

533 3031 811 3103 AEthiopes
835 3033 892 3086 in
917 3032 1090 3084 Cerne
1115 3032 1288 3084 insula
1302 3039 1561 3105 posuerit,

533 3123 721 3164 contra
757 3111 1092 3184 Dionysium.
1113 3111 1216 3165 W.
1249 3143 1320 3152 —
1355 3117 1561 3181 Populos

517 3195 642 3264 ‘adit
662 3190 770 3242 hoc
792 3201 844 3243 et
867 3204 1119 3262 sequente
1141 3209 1294 3244 versu
1313 3193 1563 3246 exhibent

532 3287 718 3323 ornnes
761 3281 1000 3324 vetusto.
1050 3269 1150 3322 Sed
1198 3273 1292 3322 alit
1335 3285 1563 3342 utroque

531 3367 688 3402 versu
723 3347 931 3420 primus
973 3350 1198 3402 correxit
1233 3352 1309 3403 Is.
1339 3352 1562 3404 Vossius

532 3425 604 3480 ad
621 3427 762 3499 Scyl.
783 3445 842 3498 p.
869 3427 956 3490 25,
987 3441 1037 3480 et
1059 3446 1118 3500 p.
1149 3448 1246 3500 117
1275 3429 1362 3484 ed.
1387 3431 1557 3486 Gron.

530 3505 624 3578 qni
649 3516 826 3558 tamen
857 3505 976 3559 loco
1007 3527 1071 3560 eo
1098 3509 1289 3563 Avieni
1317 3513 1555 3583 proposi·

534 3597 618 3648 to,
669 3584 800 3635 nihil
841 3585 986 3638 aliud
1020 3607 1178 3659 quam
1217 3594 1309 3642 alie
1347 3591 1555 3654 scribit,

533 3677 586 3717 et
613 3665 688 3717 sic
717 3663 997 3734 legendum
1036 3669 1360 3739 pronuntiat.
1387 3671 1561 3724 Vossii

529 3743 810 3796 lectionem
848 3758 1104 3816 sequutus
1137 3763 1214 3800 est
1235 3749 1474 3802 Hudson.
1504 3751 1560 3804 in

531 3821 656 3874 edit.
695 3839 816 3875 cum
855 3823 988 3877 aliis.
1023 3825 1274 3882 probavit
1317 3828 1561 3902 inprimis

528 3899 862 3956 Solu-ederus
881 3941 898 3966 ,
943 3906 1038 3958 etsi
1087 3905 1174 3960 hic
1217 3907 1372 3961 etiam
1417 3912 1565 3962 habet

529 3979 635 4050 legi
657 3999 814 4052 posse
843 3983 1123 4040 existimat.

603 4059 722 4114 328.
751 4065 918 4114 Cerno
944 4061 1105 4118 habet
1123 4066 1264 4118 Ven.
1304 4099 1374 4108 -—
1405 4069 1562 4121 Insu-

521 4140 628 4190 lam
666 4137 1134 4218 quidemgccrnen
1153 4183 1170 4208 ,
1209 4163 1319 4198 non
1347 4147 1505 4218 longe
1530 4169 1559 4202 a

1632 1522 1665 1573 i.
1685 1541 1732 1575 e.
1755 1522 1911 1573 Luna
1936 1520 2129 1573 insula.
2147 1518 2251 1570 En.

1703 1602 1823 1668 329.
1848 1604 2071 1665 Blemyes
2101 1598 2303 1651 habent
2327 1614 2513 1649 omnes
2536 1594 2657 1649 edd.

1632 1693 1683 1734 et
1702 1681 1981 1733 lectionem
1996 1678 2137 1731 hanc
2152 1695 2366 1731 servare
2395 1695 2451 1731 se
2470 1674 2661 1729 Schra-

1632 1760 1793 1815 derus
1858 1758 2109 1813 adfirmat
2127 1796 2144 1821 ,
2206 1774 2533 1829 quamquam
2593 1758 2658 1809 A.

1634 1840 1881 1913 prasci-at
1920 1840 2097 1892 Blemii
2110 1876 2127 1899 ,
2174 1837 2267 1909 qui
2310 1838 2449 1890 forte
2493 1836 2663 1891 voluit

1636 1923 1824 1986 Blemyae'
1835 1958 1851 1979 ,
1882 1931 1939 1971 ut
1960 1917 2212 1970 Priscian.
2231 1936 2284 1969 v.
2311 1933 2428 1984 ²09·
2456 1918 2660 1966 -Suc-

1634 2005 1818 2052 cedunt
1852 2001 1970 2051 sole's
2008 2000 2245 2049 habenas.
2280 1995 2465 2048 Malim
2493 2014 2661 2061 suspe-

1638 2094 1773 2131 ctant
1798 2082 1915 2130 solis
1941 2081 2191 2138 habenas,
2222 2094 2285 2128 ex
2310 2095 2364 2127 v.
2394 2075 2662 2143 369,534·‚

1641 2159 1763 2213 835.
1806 2160 1910 2211 Pro
1940 2161 2208 2210 succedunt
2254 2168 2427 2208 tamen
2464 2156 2665 2209 faciunt

1640 2255 1822 2289 versus
1847 2254 1951 2306 9¹7
1979 2249 2031 2288 et
2061 2251 2210 2289 1212.
2244 2234 2413 2287 Hans.
2450 2264 2517 2275 —-
2560 2234 2663 2288 sed

1644 2316 1774 2370 nihil
1792 2317 2114 2372 movendum
2128 2330 2231 2380 est,
2253 2316 2377 2389 quia
2398 2316 2471 2369 sic
2485 2316 2667 2378 Poeta,

1647 2417 1720 2450 vs.
1750 2417 1880 2450 1²12
1905 2419 1919 2451 ε
1970 2425 1992 2446 ι
2016 2398 2178 2470 gelidi
2202 2396 2493 2450 succedunt
2520 2398 2669 2468 plau-

1644 2491 1749 2530 stra
1782 2478 1961 2531 Bootis
1994 2498 2050 2543 υς
2084 2490 2134 2531 et
2173 2482 2467 2536 succedunt,
2502 2497 2667 2544 suspe-

1643 2572 1783 2608 ctant
1822 2559 1983 2612 nimis
2018 2557 2292 2610 differunt.
2320 2556 2425 2609 Pro
2447 2560 2666 2608 habenas

1643 2638 1837 2710 Scalig.
1868 2639 1981 2692 vult
2008 2640 2241 2698 habenis3
2260 2637 2355 2690 sed
2382 2649 2521 2690 vetat
2544 2635 2671 2688 Poe-

1645 2728 1729 2784 ta,
1762 2737 1833 2772 vs.
1859 2736 1991 2772 1212
2013 2757 2030 2782 ,
2064 2729 2115 2770 et
2144 2736 2224 2770 vs.
2252 2733 2393 2788 917:
2435 2717 2671 2769 «Massa-

1646 2811 1777 2868 getae
1806 2797 1985 2868 glauci
2008 2796 2301 2850 succedunt
2323 2795 2522 2850 flumen
2542 2797 2674 2848 Ara.

1646 2878 1724 2930 xis
1742 2898 1804 2942 »3
1840 2891 1891 2930 et
1910 2877 2178 2929 Phaenom.
2202 2893 2306 2944 990
2328 2893 2341 2926 :
2384 2900 2406 2922 ι
2430 2874 2673 2928 Partibus

1646 2957 1744 3008 iste
1762 2957 1929 3010 tribus
1948 2975 2003 3009 se
2022 2968 2227 3009 tantum
2246 2955 2475 3008 circulus
2496 2954 2671 3014 effert,

1644 3037 1895 3107 Quinque
1912 3035 2037 3088 latet
2054 3035 2257 3107 creperi
2270 3034 2555 3087 succedens
2570 3045 2672 3085 sta-

1644 3135 1749 3187 gna
1786 3115 2120 3187 profundi»,
2158 3117 2235 3168 uti
2266 3117 2404 3168 bene
2434 3115 2585 3168 Grot.
2622 3125 2674 3165 et

1646 3195 1733 3248 ed.
1751 3196 1890 3249 Ven.
1914 3215 2015 3268 pro
2047 3200 2373 3248 succendens.
2400 3195 2569 3248 Sene.
2602 3223 2674 3234 -

1649 3281 1924 3328 Succedunt
1946 3279 2165 3326 habenas
2200 3272 2569 3346 explicandum
2596 3284 2674 3324 est

1650 3359 1833 3407 cedunt
1848 3393 1865 3420 ,
1922 3359 2199 3407 concedunt
2257 3355 2359 3407 sub
2422 3353 2673 3406 habenas.

1648 3434 1867 3499 Confer,
1893 3454 2014 3507 quoe
2046 3435 2191 3505 prius
2218 3433 2287 3487 ad
2318 3433 2569 3487 Prisciani
2596 3451 2674 3484 vs.

1655 3531 1750 3584 1⁰7
1792 3527 1841 3566 et
1889 3514 1991 3583 398
2030 3513 2445 3568 observavimus.
2476 3513 2576 3568 W.

1722 3595 1837 3646 330.
1857 3599 2063 3664 Corpore
2082 3596 2276 3662 proceri
2290 3607 2340 3644 et
2354 3595 2546 3644 viscere
2558 3595 2679 3643 sicci

1648 3674 1775 3744 legit
1802 3675 2016 3727 Camers
2036 3673 2104 3728 ad
2124 3673 2282 3726 Prisc.
2310 3675 2679 3741 209.—Vae'sce-

1648 3773 1707 3807 ra
1733 3756 1854 3805 sicci
1872 3764 1993 3808 sunt
2012 3753 2235 3824 graciles
2254 3769 2477 3824 corpore
2490 3792 2504 3817 ,
2522 3750 2645 3803 duri
2659 3789 2676 3814 ,

1650 3853 1761 3887 non
1798 3834 2032 3905 pingues.
2051 3831 2189 3886 Vide
2222 3851 2339 3904 qun
2378 3831 2679 3885 notavimus

1650 3911 1721 3966 ad
1755 3912 1921 3967 Gratii
1950 3913 2148 3985 Cyneg.
2170 3931 2251 3966 vs.
2278 3916 2406 3982 276,
2444 3911 2555 3980 huj.
2582 3929 2674 3982 op.

1652 4003 1783 4046 tom.
1806 3991 1831 4042 1
1849 4029 1865 4054 ,
1887 4011 2009 4064 pag.
2034 3991 2117 4062 57.
2142 3991 2245 4044 En.

1724 4071 1842 4123 331.
1874 4074 2172 4124 cfr-cumvicei
2187 4073 2325 4124 Ven.
2358 4071 2521 4140 Cusp.
2544 4066 2677 4122 Pith.

1650 4151 1976 4201 circumvent-ti
1996 4149 2137 4204 Vad.
2171 4161 2223 4204 et
2256 4149 2421 4202 Huds.
2440 4149 2572 4202 Tale
2604 4159 2681 4200 est
