2996 4685
1759 415 1787 426 -,

383 448 472 468 §ss
475 437 746 469 ssdssum
749 441 1485 465 §mmmmmmmm
1500 439 1773 462 mm
1779 439 2052 461 mm
2056 439 2145 458 m
2150 437 2329 460 mm
2332 439 2514 460 mm

863 657 1860 784 EXCURSUS
1978 659 2035 788 I

663 932 792 999 AD
845 930 1158 999 AVIENI
1211 930 1360 998 ΟΒ.
1408 929 1727 998 MARlT.
1776 950 1868 995 vs.
1911 926 2247 1024 277-283.

673 1352 776 1402 Rex
803 1359 862 1401 ut
889 1348 1152 1420 superbus
1165 1386 1178 1407 ,
1207 1346 1553 1418 omniumque
1575 1358 1868 1420 praepotens
1887 1388 1899 1411 ,

673 1435 822 1499 Quos
847 1451 976 1502 gens
1000 1430 1232 1484 habebat
1259 1429 1396 1482 sorte
1417 1443 1531 1484 tum
1556 1431 1827 1484 Maurusia
1843 1471 1859 1495 ‚

677 1514 971 1568 Octaviano
1007 1513 1238 1587 principi
1263 1514 1687 1584 acceptissimus,

675 1599 744 1651 Et
768 1597 1040 1652 literarum
1059 1615 1270 1670 semper
1297 1596 1353 1648 in
1381 1595 1556 1650 studio
1582 1598 1723 1649 Juhn
1743 1635 1759 1661 ,
1779 1609 1883 1649 etc.

400 1772 699 1890 Insrcnn
727 1839 792 1887 et
811 1824 1220 1888 luculentum
1240 1821 1525 1911 elogium
1544 1869 1563 1902 ,
1588 1844 1723 1908 quo
1740 1821 2023 1887 Avienus
2040 1823 2269 1888 Iubam
2289 1849 2529 1915 regem,

394 1949 526 2014 prae
579 1926 798 1990 multis
843 1925 980 1988 aliis
1027 1924 1146 1986 aevi
1187 1923 1420 1986 veteris
1467 1922 1952 1988 memorabilem
1972 1971 1991 2004 ,
2036 1941 2103 1988 et
2148 1928 2215 1989 in
2261 1927 2532 1992 historia

397 2029 691 2092 Romana
714 2025 1287 2090 celebratissimum
1305 2071 1324 2104 ,
1357 2037 1580 2104 ornat,
1613 2044 1749 2086 non
1782 2023 2050 2106 dubito,
2080 2027 2239 2114 quin
2262 2029 2535 2093 lectores

399 2131 602 2210 hujus·
635 2128 944 2218 poematis
985 2124 1472 2214 quodammodo
1508 2125 1773 2206 invitet,
1817 2142 1924 2208 ut,
1965 2150 2111 2214 quae
2150 2127 2232 2192 de
2267 2152 2417 2219 rege
2456 2155 2535 2195 eo

394 2247 588 2320 poeta
602 2230 934 2319 praedicat,
952 2229 1170 2318 paullo
1187 2227 1515 2316 copiosius
1535 2226 1657 2290 sibi
1674 2228 1957 2292 enarrari
1976 2228 2195 2294 velint.
2216 2231 2538 2317 Loquitur

399 2351 617 2398 autem
650 2332 732 2397 de
763 2331 928 2397 Iuba
961 2330 1287 2408 secundo,
1314 2329 1498 2395 Jubae
1526 2329 1753 2417 primi,
1788 2327 2111 2395 Numidiae
2138 2333 2335 2423 regis,
2370 2332 2501 2397 filio
2520 2384 2538 2415 ,

401 2437 569 2526 regis
601 2434 984 2524 Hiempsalis
1011 2448 1284 2523 nepote,
1312 2432 1480 2521 regis
1513 2430 1755 2497 Gaudae
1777 2448 2139 2520 pronepote
2158 2482 2177 2516 ,
2212 2434 2381 2523 regis
2402 2435 2541 2499 Ma-

403 2540 646 2602 sinissae
677 2536 1035 2624 abnepote,
1069 2534 1404 2622 quomodo
1446 2554 1653 2621 genus
1699 2532 1835 2611 ejus
1868 2551 2160 2598 recenset
2194 2536 2538 2622 antiquum

406 2651 940 2715 monumentum,
976 2635 1358 2723 Carthagine
1403 2634 1587 2697 Nova
1622 2633 1945 2722 Hispaniae
1994 2635 2366 2717 inventum,
2406 2652 2471 2699 et
2504 2659 2541 2699 a

407 2738 532 2801 Th.
560 2736 883 2816 Reinesio,
902 2736 1085 2823 Synt.
1110 2736 1311 2798 Inscr.
1344 2735 1541 2799 ClasS.
1569 2735 1690 2813 111,
1707 2755 1777 2797 n.
1810 2757 1918 2820 70,
1940 2735 2096 2801 item
2120 2736 2247 2800 Jac.
2276 2736 2541 2823 Sponio‚

408 2839 592 2903 Misc.
628 2836 810 2901 erud.
839 2834 1088 2922 antiqu.
1119 2834 1286 2898 Sect.
1325 2834 1437 2915 IV,
1471 2857 1537 2920 p.
1581 2830 1736 2914 145,
1767 2834 2209 2921 propositum,
2244 2836 2357 2921 qui
2390 2836 2547 2899 inte-

409 2962 590 3029 gram
630 2937 768 3017 ejus
809 2934 1247 3027 genealogiam
1264 2982 1283 3016 ,
1321 2934 1454 2998 sive
1493 2950 1767 2997 stemma
1806 2956 2033 3022 regum
2074 2935 2397 3001 Numidiae
2430 2936 2547 3001 ad·-

403 3041 636 3121 junxit.
692 3038 943 3103 Floruit
993 3037 1118 3102 sub
1176 3039 1507 3125 Auguste,
1565 3036 1856 3123 vixitque
1906 3035 1989 3100 ad
2037 3060 2284 3103 annum
2337 3062 2546 3127 usque

411 3142 742 3207 decimum
763 3140 1042 3221 Tiberii,
1065 3139 1198 3203 sive
1223 3139 1296 3202 A.
1319 3140 1402 3202 U.
1427 3160 1579 3225 777,
1604 3137 1926 3225 siquidem
1948 3138 2178 3204 Strabo
2194 3188 2213 3222 ‚
2241 3142 2354 3228 qui
2376 3164 2548 3205 anno

414 3243 668 3305 circiter
714 3238 1064 3305 undecimo
1105 3239 1348 3303 Tiberii
1397 3262 1565 3327 opus
1616 3262 1813 3304 suum
1854 3240 2201 3306 absolvisse
2245 3241 2547 3323 creditur,

409 3342 578 3407 libro
607 3340 828 3421 XVII,
855 3361 925 3428 p.
963 3338 1122 3419 828,
1159 3362 1312 3405 eum
1346 3362 1560 3427 nuper
1591 3340 1721 3405 vita
1750 3341 2051 3407 functum
2070 3390 2087 3423 ,
2120 3358 2188 3406 et
2217 3365 2548 3408 successo-

410 3466 546 3507 rem
588 3442 892 3507 habuisse
929 3438 1356 3514 Ptolemoeum
1397 3440 1599 3505 filium
1616 3490 1635 3524 ‚
1674 3466 1753 3506 ex
1792 3444 2062 3507 Antonii
2101 3460 2168 3507 et
2198 3444 2549 3534 Cleopatrae

413 3542 538 3631 filia
553 3559 804 3623 natum,
820 3539 1050 3623 tradit3
1071 3563 1150 3605 ex
1161 3542 1388 3606 Tacito
1404 3565 1584 3623 vern,
1603 3545 1837 3608 Annal.
1854 3543 1967 3625 IV,
1986 3544 2044 3626 5,
2064 3545 2347 3633 adparet,
2370 3571 2548 3613 nono

412 3645 654 3709 Tiberii
687 3665 862 3709 anno
903 3642 1138 3706 Iubam
1177 3642 1392 3707 adhuc
1421 3644 1492 3707 in
1536 3644 1693 3707 vivis
1728 3645 1946 3709 fuisse.
1984 3646 2175 3711 Pater
2212 3649 2349 3729 ejus
2384 3651 2551 3715 Juba

412 3744 584 3809 bello
606 3744 774 3809 civili
795 3758 1006 3833 partes
1031 3744 1454 3833 Pompeianas
1479 3760 1797 3833 sequutus
1820 3768 1971 3811 cum
1995 3748 2295 3837 Scipione
2318 3753 2551 3817 multas

416 3869 516 3909 res
547 3846 856 3910 adversus
898 3847 1214 3911 Caesarem
1252 3848 1478 3936 gessit,
1520 3846 1637 3911 sed
1676 3846 1943 3911 demum
1974 3848 2181 3913 victus
2203 3898 2219 3931 ,
2260 3868 2325 3915 et
2355 3851 2549 3941 rebus

416 3946 723 4011 omnibus
779 3946 1166 4036 desperatis,
1223 3970 1375 4012 cum
1421 3948 1513 4011 M.
1563 3948 1820 4011 Petreio
1872 3950 2119 4013 mutuis
2172 3950 2551 4039 depugnans
2579 3949 2595 3962 “

416 4047 794 4113 vulneribus
821 4048 1152 4113 occubuit.
1177 4050 1548 4114 Memor-ant
1574 4049 1825 4113 Hirtius
1852 4048 1935 4113 de
1958 4050 2111 4115 Bell.
2143 4052 2332 4115 Afric,
2362 4074 2415 4115 c.
2437 4055 2557 4137 943

418 4148 786 4238 Appianas,
815 4150 968 4214 Bell.
1004 4151 1142 4215 Civ.
1179 4149 1288 4214 lib.
1327 4152 1422 4231 11,
1455 4174 1511 4215 c.
1557 4174 1706 4231 100,
1742 4174 1807 4237 p.
1848 4150 1971 4217 313
2010 4150 2113 4217 ed.
2148 4152 2353 4217 schw.
2398 4154 2557 4235 Dio,
