2996 4685
473 369 564 440 62
1119 368 1256 436 DE
1314 366 1942 438 EDIToans

475 500 758 584 tianique
793 491 1133 560 Schraderi
1165 492 1444 582 ubique,
1477 509 1719 582 quanta
1752 515 2009 582 possem
2048 492 2177 562 fide
2224 509 2291 560 et
2333 515 2621 565 accura-

473 607 680 687 tione,
711 599 1050 666 redderem
1071 649 1090 681 ,
1137 617 1204 665 et
1244 623 1450 689 quum
1497 601 1607 664 ille
1648 599 2098 666 adnotationes
2132 623 2281 678 suas
2313 624 2430 690 per
2459 603 2615 668 sin-

473 709 660 800 gulos
697 708 996 787 earminis
1035 726 1260 784 versus
1300 705 1731 787 continuarit,
1770 722 2196 794 accurateque
2234 723 2301 772 et
2336 709 2615 796 copiose

474 815 694 879 omnia
725 829 1158 902 persequutus
1188 812 1307 895 sit,
1355 813 1440 877 ita
1473 828 1553 877 ut
1584 813 1879 901 priorum
1924 813 2119 890 etiarn
2164 813 2609 903 interpretum

473 920 822 996 sententias
845 925 1244 1001 recenseret,
1272 918 1428 983 hino
1453 941 1621 1006 saepe
1648 918 1921 987 aliorum
1946 919 2120 982 notis
2152 918 2387 986 diserte
2410 943 2607 1010 repe-u

472 1023 686 1092 tendis
735 1023 1152 1114 supersedere
1195 1025 1416 1113 potui,
1464 1047 1611 1089 raro
1656 1025 1849 1090 etiam
1894 1047 2069 1098 meas
2115 1024 2317 1114 ipsius
2358 1025 2605 1092 addere

473 1156 736 1198 neeesse
784 1129 1018 1215 habui,
1049 1132 1172 1198 nisi
1222 1125 1336 1196 ubi
1388 1147 1505 1196 aut
1552 1129 2067 1197 dissentiendum
2110 1117 2445 1214 modeste,
2483 1148 2603 1202 aut

469 1241 646 1308 aliud
679 1239 944 1306 uberius
975 1237 1433 1308 declarandum
1453 1237 1802 1304 videretur.
1830 1239 2105 1306 'sextum
2130 1239 2597 1329 geographico-

467 1371 616 1414 rum
634 1347 1100 1437 opusculorum
1116 1345 1198 1411 ad
1217 1346 1585 1433 exemplum
1603 1346 1700 1410 Jo.
1723 1344 2027 1414 Hudsoni
2044 1361 2091 1410 t.
2110 1345 2205 1410 IV
2226 1344 2597 1433 Geograph.

472 1454 678 1520 Graeo.
735 1453 892 1516 min.
952 1451 1277 1533 recensui,
1319 1467 1386 1530 et
1441 1471 1593 1515 eum
1658 1451 2136 1538 antiquioribus
2192 1449 2599 1529 editionibus

469 1559 749 1642 contuli,
785 1558 1232 1645 variantesque
1263 1555 1575 1621 lectiones
1598 1577 1749 1620 cum
1773 1557 2159 1636 conjecturis
2186 1555 2593 1622 eruditorum

469 1667 552 1733 ab
597 1665 828 1744 eodem
877 1663 1174 1731 collectas
1217 1683 1351 1726 non
1399 1662 1625 1750 repetii
1660 1661 1873 1726 solum
1894 1709 1912 1742 ,
1950 1661 2065 1731 sed
2100 1679 2165 1727 et
2208 1661 2597 1751 locupleta-vi

469 1791 537 1840 et
574 1769 960 1862 ponderavi,
995 1789 1332 1858 quamque
1362 1767 1501 1856 ipse
1535 1767 1973 1856 amplecterer,
2010 1769 2110 1833 uel
2132 1767 2405 1856 probavi
2428 1766 2591 1833 sub-

460 1880 626 1962 jecta
676 1877 1128 1957 adnotatione,
1171 1877 1274 1940 vel
1323 1875 1457 1939 sola
1508 1875 1644 1955 ejus
1696 1875 2119 1963 usurpatione
2166 1875 2237 1938 in
2286 1890 2593 1956 eontexto

465 1985 744 2052 auctoris
772 1981 1071 2060 indicavi.
1104 1981 1519 2068 Quamquam
1552 1979 1730 2045 baud
1762 1996 2017 2070 gravate
2050 1983 2286 2062 fateor,
2334 2000 2471 2044 non
2502 1979 2595 2044 ita

467 2091 718 2160 felicem
743 2090 988 2176 ubique
1019 2107 1228 2153 meam
1253 2088 1322 2149 in
1348 2085 1759 2151 emendando
1785 2086 1885 2150 vel
1914 2085 2296 2150 illustrando
2326 2107 2591 2174 operam
2636 2127 2641 2130 -

469 2199 665 2264 fuisse
680 2244 699 2276 ,
737 2209 814 2258 ut
849 2189 1198 2280 quibusvis
1225 2191 1546 2257 lectorum
1590 2187 1921 2254 desideriis
1964 2191 2358 2256 satisfactum
2387 2190 2593 2257 videri

471 2302 674 2391 possit
692 2350 709 2377 ‚
747 2295 817 2361 id
861 2313 1078 2360 tamen
1118 2315 1308 2384 spero
1343 2293 1454 2359 abs
1502 2317 1609 2359 me
1646 2295 2036 2383 praestitum,
2075 2295 2255 2383 quod
2304 2295 2595 2378 subjecta

469 2406 680 2497 operis
717 2401 1046 2482 materies,
1091 2398 1271 2489 quod
1316 2398 1501 2464 labor
1538 2398 1718 2464 haud
1758 2402 2271 2489 perfunctorius,
2315 2418 2383 2468 et
2424 2424 2591 2491 pre-

469 2511 674 2577 sentia
707 2506 801 2573 rei
829 2504 1141 2597 gerendae·
1160 2503 1443 2569 subsidia
1469 2504 1953 2595 permittebant.

559 2618 786 2700 Quum
809 2632 966 2677 vero
1000 2610 1159 2675 mihi
1185 2609 1268 2676 ad
1297 2611 1623 2676 Avienum
1656 2614 2122 2678 sommentanti
2150 2614 2339 2679 varie
2366 2612 2591 2679 adfue-

467 2723 601 2789 rint
657 2716 1256 2785 animadversiones'
1296 2732 1362 2781 et
1419 2717 1803 2798 conjectum
1860 2717 2205 2797 doctorum
2258 2720 2545 2807 virorum
2566 2764 2587 2803 ,

467 2848 630 2919 quas
663 2827 766 2905 vel
809 2824 1011 2891 editas
1059 2840 1126 2890 et
1159 2825 1447 2915 vulgatas
1491 2824 1820 2889 variorum
1854 2842 2196 2907 auctorum
2236 2826 2386 2891 libri
2418 2828 2591 2915 typis

467 2932 763 3026 impressi
788 2929 1282 3021 suppeditarunt
1299 2977 1317 3011 ,
1341 2930 1442 2993 vel
1471 2928 1743 2995 ineditas
1757 2978 1774 3011 ,
1798 2946 1865 2995 et
1892 2953 2092 2995 manu
2115 2932 2237 2999 viri
2267 2931 2443 2997 docti
2468 2930 2589 2997 ali-

467 3042 620 3109 eubi
666 3030 949 3114 notatas,
997 3035 1444 3101 benevolentia
1495 3034 1853 3101 amicorum
1897 3036 2224 3120 submisit,
2266 3037 2397 3117 jam
2440 3038 2587 3103 reli-

467 3166 674 3239 quum
706 3166 844 3210 esse
877 3142 1152 3216 videtur,
1185 3156 1262 3205 ut
1290 3162 1585 3229 quamam
1616 3142 1856 3205 fuerint
1887 3142 2187 3232 singulae,
2214 3142 2587 3233 quibusque

463 3256 638 3321 notis
687 3253 1166 3325 litem-umens
1203 3246 1274 3310 {n
1321 3246 1850 3312 adnotationibus
1892 3248 2363 3337 insigniret-im,
2396 3250 2589 3316 leoto-

463 3362 644 3427 ribus
678 3360 836 3425 meis
865 3356 1144 3445 aperiam
1170 3376 1186 3418 :

477 3592 532 3635 1.
555 3566 896 3634 Sokradm·
937 3566 1005 3628 in
1056 3564 1372 3629 Avienum
1423 3578 1609 3629 notas
1658 3563 1945 3651 plurium
2002 3586 2312 3655 generum
2362 3562 2582 3645 habui.

565 3674 636 3739 1⁰
666 3673 844 3754 Quas
871 3669 1116 3736 ³voculis
1149 3668 1414 3736 Sokrad.
1443 3671 1515 3733 in
1542 3668 1747 3745 sched.
1777 3672 2029 3753 notavi,
2073 3686 2231 3737 sunt
2260 3670 2586 3741 subitaria

557 3796 623 3847 et
659 3776 1049 3844 brevissima
1097 3776 1547 3841 adnotationes
1594 3775 1676 3841 ad
1720 3779 1930 3842 varios
1971 3793 2222 3865 poetas,
2262 3792 2329 3841 et
2369 3776 2438 3841 in
2478 3778 2583 3843 bis

557 3885 638 3951 ad
671 3882 986 3969 Desoiipt.
1027 3882 1186 3947 orb.
1227 3898 1294 3949 et
1325 3882 1523 3947 Onam
1567 3906 1725 3947 mar.
1755 3884 2012 3963 Avieni,
2050 3882 2117 3946 in
2161 3880 2414 3949 schedis
2446 3884 2583 3951 sin·

554 3989 883 4085 galeribus
907 3988 1156 4078 scriptae
1181 4012 1220 4053 a
1247 3988 1637 4070 Schrader-o,
1672 3990 1838 4055 forts
1866 3988 2083 4055 adhue
2100 3990 2357 4070 jurene.
2392 3986 2588 4057 2⁰Ad

558 4118 762 4187 marg.
785 4096 1021 4185 ngn.
1059 4110 1216 4158 sunt
1245 4092 1470 4157 boeves
1500 4092 2082 4173 animadversiones
2110 4094 2195 4161 ad
2226 4095 2578 4183 marginem
