2996 4685
510 375 554 456 4
821 357 826 363 ’
1021 370 1154 438 DE
1211 370 1293 436 R.
1343 368 1681 439 FEsTo
1736 371 2177 442 Ammo·

508 504 873 570 dubitarem
908 499 1174 565 Rufium
1214 500 1745 566 Festum‘vocare
1780 501 2096 566 Avienum
2118 549 2137 584 ,
2174 499 2480 589 idemque
2522 524 2645 564 no-

509 633 664 676 men
702 608 770 672 in
817 607 1182 672 carminum
1219 605 1358 684 ejus
1395 606 1595 671 titulis
1636 630 1915 695 ponere,
1952 608 2076 671 nisi
2104 607 2464 691 crederem,
2500 607 2646 672 Rufi

509 708 578 782 et
610 715 786 780 Rufii
823 715 1089 780 nomina
1126 735 1292 800 soepe
1320 714 1691 802 promiscue
1723 714 1807 779 ab
1838 714 2121 802 antiquis
2150 714 2425 779 librariis
2458 736 2649 778 usur-

509 840 688 912 pata,
721 845 842 886 nec
873 842 1113 910 magno
1141 819 1208 883 in
1233 817 1603 885 discrimine
1628 820 1869 886 habita.
1904 823 2267 902 Avianium,
2294 843 2433 886 non
2460 821 2649 885 Avie-

507 951 703 1011 num,
731 924 930 992 editio
962 924 1203 1013 prima,
1223 923 1501 1007 Veneta,
1537 925 1607 989 in
1635 926 1999 991 carminum
2029 925 2168 1005 ejus
2198 926 2643 1014 inscriptione,

505 1051 574 1098 et
615 1033 843 1096 Victor
890 1029 1165 1094 Pisanus
1212 1029 1283 1092 in
1331 1031 1709 1117 praefatione
1758 1030 1837 1094 iis
1876 1031 2203 1118 praemissa
2248 1030 2641 1111 nominavit3

505 1140 665 1204 item
702 1135 1176 1223 Pithoeus,'qui
1214 1134 1491 1223 primam
1530 1135 1885 1201 editionem
1922 1137 2273 1225 expressit3
2315 1135 2431 1200 sod
2464 1160 2645 1200 erro-

506 1267 642 1309 rem
657 1292 676 1327 ,
706 1241 1093 1331 typographi
1117 1239 1389 1304 fortasse
1417 1241 1809 1331 negligentia
1834 1241 2221 1325 admissum,
2244 1257 2649 1331 agnoverunt

501 1349 898 1439 posteriores
931 1362 998 1410 et
1029 1362 1478 1413 retractarunt.

591 1455 876 1520 Gentem
914 1474 1097 1517 suam
1131 1468 1198 1515 et
1231 1453 1505 1534 majores
1545 1451 1829 1517 indicare
1868 1452 2084 1517 Rufus
2118 1456 2347 1519 Festus
2392 1453 2648 1518 videtur

505 1561 638 1625 hoc
673 1579 901 1621 versu:
1926 1543 1946 1570 '

751 1709 936 1764 Festus
963 1707 1176 1762 Musoni
1203 1709 1408 1763 soboles
1422 1749 1438 1776 ,
1463 1711 1746 1785 prolesque
1770 1713 1973 1768 Avieni.

503 1874 768 1940 Etenim
814 1870 1138 1937 adsentire
1189 1873 1658 1962 Cannegietero
1698 1897 1834 1938 non
1880 1895 2182 1962 possum,
2217 1876 2335 1962 qui
2370 1875 2437 1937 in
2479 1876 2648 1939 Diss.

505 1979 740 2046 Aviani
793 1978 1024 2042 fabulis
1071 1978 1387 2058 subjecta,
1433 2003 1570 2068 cap.
1614 2003 1689 2063 2,
1735 2004 1945 2047 unum
1991 1981 2361 2064 hominem,
2402 1998 2651 2069 patrem

504 2085 714 2167 Festi,
747 2083 1130 2148 Musonium
1174 2085 1497 2148 Avienum
1545 2087 1869 2150 nominari
1920 2102 2147 2174 putat3
2189 2085 2369 2151 unde
2422 2109 2651 2150 conse·

429 2174 437 2183 ⁹
505 2206 853 2280 queretur,
884 2206 1218 2254 auctorem
1251 2188 1412 2252 duas
1443 2211 1637 2254 voces
1673 2191 2031 2255 cumulatas
2068 2191 2301 2254 soboles
2323 2192 2655 2281 prolesque

505 2321 638 2363 una
668 2294 1028 2383 eademque
1059 2292 1558 2383 significatione,
1600 2318 1721 2384 pro
1756 2295 1890 2361 filio
1910 2345 1929 2380 ,
1968 2295 2248 2362 inaniter
2278 2313 2344 2361 et
2376 2297 2653 2364 absurde

507 2425 884 2492 usurpasse,
912 2401 1091 2489 quod
1119 2416 1345 2465 contra
1372 2402 1617 2466 sactum
1647 2403 1730 2467 ab
1754 2426 1865 2484 eu,
1889 2424 2111 2468 versus
2140 2426 2176 2468 e
2199 2404 2652 2470 Phaenomenis

506 2510 830 2575 adductus
890 2506 1293 2571 demonstrat
1314 2554 1332 2589 ,
1384 2506 1503 2570 ubi
1557 2507 1821 2573 Gemini
1876 2508 2122 2573 diversa
2184 2510 2651 2600 significatione

505 2612 740 2679 soboles
759 2614 1080 2701 Spartana
1114 2627 1181 2675 et
1197 2610 1411 2700 proles
1449 2613 1755 2677 Tonantis
1785 2613 2116 2680 dicuntur.
2164 2616 2393 2705 Itaque
2423 2618 2650 2704 Sponii

510 2720 931 2799 sententiam,
971 2739 1166 2805 quam
1208 2717 1313 2781 ille
1347 2718 1792 2806 reprehendit,
1832 2722 2021 2809 sequi
2068 2722 2267 2807 malo,
2304 2723 2417 2811 qui
2464 2745 2652 2787 voces

509 2828 646 2891 illas
691 2824 1044 2915 geminatas
1097 2824 1186 2887 ita
1238 2824 1543 2912 explicat,
1598 2843 1675 2891 ut
1717 2827 1926 2893 Rufus
1976 2829 2203 2893 Festus
2264 2852 2333 2893 se
2386 2828 2653 2893 sobolem

511 2933 774 2997 Musoni
811 2951 950 2993 esse
969 2976 987 3010 ,
1043 2928 1175 2992 sive
1214 2928 1296 2992 ab
1338 2930 1475 3008 ejus
1520 2932 1794 3018 posteris
1841 2931 2235 2998 descendere
2251 2981 2270 3016 ,
2313 2950 2378 2997 et
2408 2934 2651 3021 prolem

513 3039 774 3117 Avieni,
803 3036 846 3101 i.
884 3059 942 3100 e.
986 3033 1190 3098 filium
1225 3035 1540 3124 significet
1570 3037 1693 3127 (1);
1730 3039 1899 3121 sive,
1928 3039 2111 3127 quod
2140 3039 2314 3104 idem
2354 3040 2488 3105 fere
2520 3057 2649 3123 est,

513 3159 883 3207 maternum
919 3160 1128 3229 genus
1165 3162 1204 3203 a
1246 3138 1554 3206 Musonio
1576 3192 1595 3224 ,
1627 3161 1971 3232 paternum
2008 3144 2091 3208 ab
2124 3146 2379 3210 Avieno
2418 3168 2486 3209 se
2526 3144 2651 3209 du·

513 3269 660 3312 cere
700 3246 916 3328 jactet.
969 3244 1196 3326 Quum
1250 3247 1653 3336 praecipuum
1706 3251 1880 3314 inter
1939 3249 2213 3331 majores
2268 3251 2648 3316 Musonium

515 3354 846 3431 nominat,
876 3350 1086 3415 virum
1120 3375 1368 3442 magnae
1404 3355 1789 3420 celebritatis
1826 3358 1967 3421 vult
1998 3358 2298 3447 intelligi,
2332 3358 2517 3438 cujus
2544 3380 2653 3446 ge·

515 3471 674 3517 nere
704 3450 960 3543 gloriari
993 3453 1213 3540 possit.
1241 3454 1469 3543 Itaque
1497 3456 1673 3522 baud
1700 3460 1862 3522 alius
1889 3458 2146 3525 videtur
2171 3458 2650 3548 intelligendus,

517 3580 715 3646 quam
772 3559 844 3621 C.
887 3557 1228 3623 Musonius
1270 3560 1481 3625 Rufus
1500 3611 1521 3644 ,
1578 3564 1908 3653 Capitonis
1954 3564 2160 3645 filius,
2196 3562 2653 3629 celeberrimus

585 3784 664 3851 (ι)
697 3786 874 3835 AEtate
911 3783 1098 3838 Avieni
1136 3788 1456 3841 vocabulum
1491 3796 1659 3857 proles
1702 3794 1887 3849 usitate
1929 3813 2031 3865 pro
2066 3793 2181 3845 filio
2217 3791 2395 3847 filiave
2420 3794 2655 3865 positum

517 3870 678 3923 fuisse
696 3908 712 3933 ,
752 3871 992 3942 exemplo
1016 3886 1098 3927 est
1122 3874 1396 3949 inscriptio
1417 3878 1615 3933 Anicio
1636 3880 1889 3936 Fullonia
1917 3882 2109 3935 Probae
2130 3882 2301 3953 posita
2330 3880 2473 3954 apud
2499 3882 2652 3936 Grut.

515 3975 636 4029 pag.
665 3958 766 4011 352
788 3996 804 4021 ,
843 3978 897 4012 n.
925 3962 959 4012 6
982 3997 999 4024 ,
1041 3962 1134 4015 nbi
1169 3982 1228 4017 ea
1267 3964 1562 4019 Consulum
1590 3974 1791 4037 proles,
1832 3971 1870 4023 i.
1904 3990 1947 4022 e.
1976 3968 2116 4032 filia,
2154 3969 2653 4025 Consulnm¹mater

508 4043 716 4097 dicitnr.
745 4046 945 4100 Contra
979 4051 1162 4103 soboles
1203 4051 1303 4121 ipsi
1339 4051 1544 4107 A'vieno
1580 4067 1657 4109 est
1686 4076 1812 4125 gem
1856 4058 1939 4111 vel
1962 4076 2203 4127 propago.
2232 4056 2357 4111 vid.
2388 4057 2648 4128 Descript.

508 4131 640 4185 orb.
669 4143 846 4201 terro,
876 4153 924 4188 v.
951 4134 1071 4199 ⁵24.
