2996 4685
620 323 755 391 DE
816 323 1156 392 FAMIL.
1209 325 1334 392 ET
1384 325 1829 394 COGNAT.
1875 323 2261 392 AVIENI.
2416 321 2506 392 23

375 451 907 540 inscriptionibus
933 449 1172 517 Placidi
1203 454 1595 542 cognomine
1622 453 1905 542 insigniti
1934 452 2352 541 reperiuntur
2373 455 2511 516 An-

380 559 505 622 naei
527 606 546 640 ,
585 557 808 640 Acilii,
857 558 1137 639 Aurelii,
1163 558 1400 624 Valerii
1417 605 1435 640 ,
1471 559 1684 641 Furii3
1732 581 1769 622 e
1800 559 2040 645 quibus
2074 559 2128 622 si
2162 581 2291 647 qua
2328 559 2511 646 optio

381 664 545 730 mihi
597 663 1030 745 concedatur,
1072 664 1398 730 Placidam
1445 687 1482 728 e
1530 681 1725 755 gente
1775 665 1969 729 Furia
2018 663 2230 728 dicam
2291 665 2508 729 fuisse.

382 769 608 833 Plures
650 769 822 834 enim
869 791 948 833 ex
991 791 1064 834 ea
1099 785 1294 859 gente
1338 770 1579 834 Placidi
1618 771 1787 834 ciroe
1825 787 2118 858 tempora
2154 770 2385 834 Avieni
2421 770 2515 833 le-

385 890 630 964 guntur
653 875 884 940 vixisse
905 923 923 956 ‚
955 875 1033 940 iis
1071 879 1266 940 etiam
1297 877 1551 941 familiis
1584 877 1839 959 innexi,
1876 877 2269 964 quibuscum
2304 876 2518 964 aliqua

383 984 684 1072 cognatio
715 983 959 1048 Avieno
991 981 1250 1048 videtur
1289 985 1743 1049 intercessisse.
1780 987 1855 1048 T.
1893 986 2180 1048 Annaeus
2219 981 2517 1048 Placidus

384 1089 788 1176 temporibus
837 1089 1248 1152 Constantini
1303 1091 1526 1180 Magni
1576 1089 1702 1154 fuit
1748 1089 1869 1178 (1).
1932 1090 2168 1154 Furius
2217 1088 2519 1154 Placidus

385 1195 634 1258 Consul
690 1194 1051 1282 imperante
1101 1195 1453 1259 Aureliano
1504 1212 1905 1259 memoratur
1962 1219 1997 1257 a
2034 1195 2317 1284 Vopisco
2378 1193 2517 1282 (2):

387 1315 534 1364 tum
583 1299 674 1364 M.
721 1299 985 1364 Maecius
1029 1299 1382 1364 Memmius
1429 1301 1669 1364 Furius
1728 1298 2061 1380 Placidus,
2113 1301 2297 1364 istius
2354 1301 2523 1364 forte

388 1428 627 1494 nepos,
667 1405 920 1469 Consul
976 1427 1128 1470 cum
1175 1404 1418 1469 Pisidio
1465 1405 1749 1471 Romulo
1788 1409 1869 1470 A.
1919 1407 1993 1470 C.
2043 1405 2206 1487 343,
2254 1405 2369 1494 qui
2405 1427 2525 1495 pro

389 1527 569 1600 patre
604 1509 875 1576 Placidae
906 1510 1130 1576 haberi
1160 1527 1405 1600 potest,
1451 1511 1775 1600 siquidem
1812 1529 1877 1576 et
1912 1527 2062 1576 etas
2090 1512 2429 1592 convenit,
2465 1525 2530 1575 et

392 1618 738 1683 Furiorum
786 1641 1030 1682 nomeu
1077 1617 1250 1681 inter
1293 1618 1452 1682 alios
1500 1619 1731 1682 Avieni
1784 1619 2058 1708 aequales
2104 1635 2171 1681 et
2214 1632 2527 1706 cognatos

391 1723 572 1788 haud
613 1746 857 1789 rarum.
901 1724 1138 1788 Furius
1184 1723 1463 1788 Albinus
1510 1725 1684 1789 inter
1730 1726 2161 1814 collocutores
2220 1724 2529 1788 Saturna-

391 1829 632 1893 liorum
671 1845 772 1893 est
813 1826 987 1918 apud
1028 1828 1438 1892 Macrobium
1463 1829 1579 1916 (3).
1622 1831 1817 1894 Furia
1838 1877 1856 1912 ‚
1883 1829 2232 1896 Gaudentii
2260 1828 2533 1894 Comitis

397 1931 566 2014 fllia,
601 1949 668 1998 et
706 1935 828 1996 uni
871 1957 952 1997 ex
979 1933 1222 1997 Aniciis
1263 1934 1496 1997 Probis
1536 1951 1775 2023 nupta,
1824 1953 1899 1998 ut
1958 1936 2075 1998 viri
2121 1934 2301 1999 docti
2352 1931 2535 1998 colli-

396 2053 562 2128 gunt
601 2061 684 2102 ex
725 2039 997 2130 epistola
1044 2038 1430 2127 Hieronymi
1480 2039 1564 2102 ad
1620 2041 1881 2103 Furiam
1936 2041 2192 2128 scripta.
2242 2039 2534 2122 Probus,

396 2159 711 2235 cognatus
747 2146 1012 2226 Avieni,
1053 2145 1159 2209 cui
1199 2145 1328 2208 Ora
1365 2146 1685 2210 maritima
1718 2144 2085 2225 dedicatur,
2126 2144 2307 2210 baud
2338 2144 2537 2210 dubie

398 2250 484 2316 ad
527 2251 792 2316 Anicios
833 2251 1114 2339 pertinet
1131 2297 1150 2332 ‚
1197 2251 1366 2314 sicut
1417 2251 1786 2332 FlavianuS,
1836 2250 2125 2330 ejusdem
2172 2251 2497 2314 familiaris
2520 2297 2539 2330 ,

345 2420 365 2441 ,
400 2357 486 2423 ad
525 2358 824 2436 Clodios»,
867 2381 1034 2446 quos
1088 2359 1282 2423 etiam
1331 2358 1577 2422 adfines
1629 2358 1891 2423 Avienis
1940 2359 2174 2439 fuisse,
2225 2359 2335 2421 hic
2379 2359 2541 2446 lapis

401 2462 578 2553 apud
599 2464 974 2529 Fabi-ettum
997 2462 1094 2551 (4)
1113 2464 1332 2527 testari
1362 2479 1609 2551 potest,
1656 2462 1925 2527 Ameriae
1952 2465 2258 2528 inventus
2285 2487 2299 2527 ε

1206 2655 1519 2717 Cnonmn.
1568 2676 1626 2716 ι..
1676 2677 1711 2716 1²

1353 2771 1599 2834 Avium

1081 2890 1454 2953 Munousm
1500 2888 1887 2953 Musicanis.

410 3114 470 3175 A
491 3127 696 3175 matre
713 3109 966 3175 Placida
988 3108 1159 3173 filius
1182 3108 1431 3190 Avieni,
1447 3108 1563 3196 qui
1584 3110 1750 3196 patri
1772 3124 2281 3173 monumentum
2304 3110 2545 3197 posuit,

416 3214 656 3280 Placidi
710 3238 952 3281 nomen
997 3216 1262 3303 accepit.
1309 3214 1551 3278 Praeter
1582 3215 1779 3279 “hunc
1820 3216 2151 3304 frequenti
2194 3214 2551 3279 liberorum

418 3341 696 3384 numero
739 3322 1026 3411 gavisum
1064 3343 1232 3403 esse,
1270 3321 1484 3409 ipsum
1526 3338 2037 3385 monumentum
2074 3319 2313 3408 prodit.
2361 3322 2549 3403 Quo-

419 3454 570 3495 rum
599 3426 790 3493 edere
823 3427 1086 3490 nomina
1113 3428 1182 3489 in
1210 3443 1390 3491 tanta
1413 3425 1835 3490 multitudine
1857 3427 2259 3491 -Avienorum
2280 3475 2297 3508 ,
2330 3428 2561 3491 Festo·-

419 3561 600 3617 mm,
636 3531 1019 3614 Rufiorum,
1066 3534 1176 3619 qui
1213 3533 1451 3620 passim
1489 3533 1555 3595 in
1593 3534 2037 3597 monumentis
2078 3550 2561 3616 memorantur,

495 3782 568 3846 (1)
603 3778 762 3829 Grut.
791 3794 849 3845 p.
882 3773 1010 3839 282,
1037 3792 1095 3824 n.
1122 3772 1166 3823 3.

493 3882 572 3948 (2)
606 3880 672 3929 lu
698 3876 880 3931 Aurel.
910 3892 957 3927 e.
990 3874 1064 3925 15.

498 3978 572 4046 (3)
609 3978 820 4029 saturn.
848 3976 942 4027 lib.
975 3976 1032 4038 1,
1065 3992 1112 4022 π.

501 4080 578 4149 2‘4)
615 4078 856 4150 Inscript.
885 4090 990 4129 ant.
1021 4094 1134 4145 cap.
1164 4092 1255 4135 ιο,
1287 4070 1493 4153 13.ῠὸ31,
1526 4078 1783 4142 pag0744.
