2996 4685
501 359 596 430 60
1155 363 1286 430 DE
1343 363 1971 431 EDITORIBUS
2000 419 2018 440 s

503 491 742 555 masius
789 492 856 553 in
907 475 1205 555 Exerci'tt.
1256 492 1422 555 pun.
1475 491 1557 555 ad
1602 493 1799 556 Solia.
1848 491 2071 555 multis
2111 491 2306 570 10cis3
2343 487 2511 552 item»
2540 491 2631 557 Is.

505 596 774 659 Vossius
790 595 858 657 in
883 594 1150 660 ObserV.
1171 594 1254 658 ad
1276 596 1505 684 Pomp.
1528 596 1763 660 Melam
1781 645 1799 677 ‚
1821 612 1887 660 et
1904 594 1986 659 ad
2007 594 2283 681 Scylacis
2308 593 2627 681 Caryand.

504 700 859 789 Periplum3
879 701 1018 766 Nic.
1041 700 1342 765 Heinsius
1364 701 1432 764 in
1450 700 1717 766 AdverS.
1735 725 1767 782 3·
1783 703 2025 765 Auctor
2051 721 2186 764 non
2222 699 2629 779 nominatus,

504 806 621 871 sed
664 829 856 895 quem
895 807 1028 872 Ios·
1063 807 1389 872 Wassium
1441 809 1579 872 esse
1600 857 1617 889 ,
1664 806 2037 894 Christoph.
2071 805 2295 869 Saxius
2333 805 2401 867 in
2442 805 2629 868 Ono·-

507 927 696 978 mast.
719 914 880 978 liter.
905 913 1072 1002 part.
1101 915 1158 994 1,
1180 936 1246 1001 p.
1273 918 1424 1001 479,
1448 913 1701 1002 prodit,
1724 914 1793 977 in
1819 912 2089 978 Miscell.
2114 911 2381 975 Observ.
2406 911 2531 975 vol.
2557 912 2587 974 I
2608 952 2627 984 ‚

505 1034 664 1082 tom.
695 1020 794 1101 11,
823 1042 888 1109 p.
925 1018 1051 1107 273
1081 1039 1262 1107 seqq.
1290 1035 1355 1082 et
1377 1021 1482 1084 Fr.
1520 1017 2051 1106 Oudendorpius,
2075 1016 2232 1082 ibid.
2252 1016 2461 1094 vol.V‚
2482 1033 2533 1080 t.
2565 1016 2627 1098 1,

508 1146 572 1213 p.
602 1124 687 1203 64
716 1147 892 1213 seqq.
923 1125 989 1189 et
1015 1139 1174 1189 tom.
1194 1126 1294 1208 II,
1319 1149 1384 1214 p.
1408 1123 1528 1190 165
1572 1148 1787 1213 seqq.;
1832 1145 2125 1190 seorsum
2158 1123 2357 1186 Oram
2386 1121 2629 1186 mariti-

507 1229 683 1293 mam'
725 1229 1157 1293 emendarunt
1201 1229 1391 1294 Mart.
1447 1230 1739 1318 Opitius,
1770 1229 1917 1293 Var.
1948 1229 2123 1292 Lect.
2158 1250 2295 1315 cap.
2334 1251 2371 1315 7
2408 1243 2473 1290 et
2508 1251 2576 1290 11
2604 1251 2624 1305 ς

473 1334 668 1398 .Lud.
717 1335 974 1400 Nonius
1021 1336 1086 1398 in
1143 1336 1447 1424 Hispania
1500 1336 1869 1422 aliquotieS,
1926 1335 2156 1398 Petrus
2218 1335 2299 1396 de
2360 1335 2590 1397 Mar-ca
2604 1381 2626 1415 ,

501 1441 736 1504 Marem
760 1441 1120 1527 Hispanicae
1155 1441 1447 1529 pluribus
1475 1441 1633 1504 locis
1650 1488 1668 1521 ,
1697 1439 1978 1528 denique
2002 1440 2105 1503 Jo.
2136 1438 2531 1502 Schraderus
2556 1438 2625 1501 in

501 1545 671 1610 libro
708 1545 1270 1610 Observationum.
1304 1547 1551 1629 Tace0,
1586 1569 1729 1634 quae
1761 1545 1865 1608 alii
1902 1561 2239 1633 poetarum
2278 1544 2629 1607 nobiliores

503 1651 886 1738 interpretes
903 1701 922 1731 ,
947 1668 1022 1714 ut
1057 1651 1200 1716 Nic.
1223 1652 1525 1716 Heinsius
1560 1650 1642 1714 ad
1678 1650 1983 1715 Ovidium
2001 1699 2019 1731 ,
2042 1649 2519 1714 Brouckhusius
2546 1650 2629 1714 ad

501 1756 866 1832 Tibullum,
902 1757 1075 1821 Petr.
1123 1759 1531 1822 Burmannus
1578 1756 1658 1821 ad
1697 1755 1964 1821 Anthol.
1998 1757 2133 1819 Lat.
2176 1755 2267 1819 de·
2296 1755 2630 1820 nonnullis

500 1860 725 1926 Avieni
752 1861 926 1925 locis‘
943 1861 1220 1927 subinde
1248 1879 1665 1926 monuerunt.
1694 1860 1825 1926 Sed
1852 1861 2103 1940 nesci0,
2120 1860 2299 1948 quod
2326 1861 2629 1948 iniquum

279 1987 292 1996 ·
348 1995 365 2008 ·
503 1965 706 2030 fatum
739 1966 1238 2056 hunqpoetam,
1265 1968 1557 2055 quamvis
1590 1967 1875 2054 nobilem
1894 2013 1913 2046 ,
1936 1982 2001 2030 et
2020 1965 2387 2045 jucundum
2420 1967 2590 2030 lectu
2610 2015 2628 2048 ,

503 2087 569 2136 et
591 2095 626 2136 a
655 2074 872 2138 multis
901 2073 1155 2162 egregie
1185 2073 1553 2155 laudatum,
1576 2073 1811 2161 pressit
1830 2122 1850 2153 ,
1870 2089 1947 2136 ut
1968 2072 2154 2135 multi
2182 2071 2443 2160 quidem
2471 2095 2629 2136 con·

503 2176 718 2241 silium
762 2179 936 2242 illius
999 2195 1310 2267 perpetua
1362 2178 1911 2242 commentatione
1952 2177 2315 2242 illustrandi
2358 2178 2626 2242 edendi-

503 2303 633 2369 que
669 2282 958 2370 ceperint
975 2329 994 2365 ,
1049 2304 1246 2347 nemo
1282 2297 1494 2346 tamen
1536 2281 1619 2346 ad
1649 2281 1777 2347 hoc
1807 2305 2015 2371 usque
2049 2299 2307 2371 tempus
2339 2284 2627 2373 perfece-

503 2387 609 2452 rit.
632 2388 760 2451 Jac.
787 2388 1174 2475 Bongarsius
1197 2388 1264 2451 in
1289 2389 1490 2477 Epist.
1520 2390 1690 2454 CLII
1724 2389 1807 2454 ad
1843 2391 1873 2453 I
1908 2392 2375 2473 Camerarium,
2394 2392 2628 2480 scripta

503 2493 872 2582 Argentinae
895 2515 1000 2557 an.
1033 2492 1219 2583 1597,
1245 2494 1400 2560 huic
1419 2496 1783 2560 Camerario
1817 2512 1884 2559 et
1914 2497 2347 2561 Rittershusio
2378 2494 2629 2561 edenda

502 2598 728 2661 Avieni
767 2598 1096 2687 Opuscula
1131 2602 1356 2664 Aratea
1393 2616 1458 2664 et
1489 2600 1929 2691 Geographica
1967 2600 2406 2684 commendat,
2441 2618 2539 2680 et,
2572 2603 2627 2666 si

504 2704 650 2790 quis
687 2726 760 2769 ea
791 2706 860 2769 in
896 2728 968 2769 re
1003 2707 1328 2771 elaborare
1365 2708 1546 2789 velit,
1575 2709 1964 2772 collaturum
2012 2731 2080 2771 se
2124 2709 2445 2796 promittit
2482 2725 2625 2773 tum

503 2806 727 2871 Varias
753 2810 1086 2874 Lectiones
1111 2811 1194 2875 ad
1217 2813 1438 2877 Avieni
1481 2812 1681 2876 Oram
1718 2812 2104 2877 maritimam
2121 2862 2141 2893 ,
2171 2836 2365 2901 quam
2394 2813 2627 2877 habeat

499 2912 584 2977 ad
639 2915 1146 3004 manuscriptum
1198 2918 1521 3005 exemplar
1574 2918 1980 2983 emendatam
1999 2965 2018 3000 ,
2064 2934 2206 2981 tum
2256 2919 2623 2983 Germanici

501 3019 762 3082 Caesaris
789 3021 1056 3083 Aratum
1086 3021 1332 3110 aliquot
1363 3024 1653 3087 centenis
1679 3022 1971 3087 versibus
2006 3024 2395 3105 auctiorem,
2429 3041 2625 3110 atque

503 3125 656 3189 alias
687 3126 1214 3195 emendatiorem.
1256 3130 1484 3219 Neque
1516 3153 1673 3195 vero
1707 3154 1742 3193 a
1782 3132 2146 3196 Camerario
2192 3148 2306 3195 aut
2348 3132 2623 3195 Ritters-

501 3230 691 3297 husio
742 3233 1098 3322 quidquam
1145 3251 1459 3300 tentatum
1508 3258 1649 3301 esse
1683 3252 1957 3301 constat.
1988 3237 2022 3300 J
2025 3238 2270 3325 osepho
2305 3237 2624 3329 Scaligero

500 3338 926 3403 constitutum
977 3341 1207 3422 fuisse,
1242 3342 1561 3407 Avienum
1608 3330 1979 3423 recensere,
2016 3357 2082 3406 et
2120 3365 2249 3406 una
2295 3366 2468 3407 cum·
2488 3343 2623 3407 suis

501 3446 976 3509 commentariis
1009 3446 1232 3529 edere,
1251 3450 1438 3535 Casp.
1457 3446 1757 3511 Bai-thius
1776 3450 1845 3511 in
1866 3447 2125 3514 AdverS.
2154 3467 2219 3514 et
2237 3450 2305 3513 in
2325 3450 2621 3539 Ablegm.

499 3561 566 3611 et
595 3546 923 3613 Fabricius
943 3550 1012 3613 in
1031 3552 1191 3617 Bibl.
1211 3554 1347 3617 Lat.
1371 3568 1753 3617 memorant.
1785 3553 1969 3642 Casp.
1998 3554 2330 3637 Barthius,
2350 3555 2619 3621 AdverS.

497 3650 610 3717 lib.
646 3652 891 3733 XLIX,
928 3654 1002 3718 13
1028 3703 1046 3737 ,
1077 3663 1310 3722 novam
1340 3658 1569 3724 Avieni
1601 3656 1955 3723 editionem
1990 3662 2309 3749 promisit.
2345 3663 2442 3725 Jo.
2475 3660 2619 3724 Pri-

498 3778 704 3837 caeus,
747 3775 820 3822 ut
865 3759 1000 3848 ipse
1044 3759 1126 3823 ad
1159 3762 1352 3850 Apul.
1389 3762 1651 3827 Metam.
1688 3785 1752 3851 p.
1789 3761 1873 3851 95
1894 3814 1913 3847 ,
1958 3764 2211 3853 prodit,
2262 3766 2433 3830 notis
2468 3766 2621 3829 satis

497 3860 772 3948 copiosis
803 3863 1190 3927 illustratum
1217 3864 1611 3956 editionique
1640 3884 1936 3957 paratum
1964 3872 2033 3935 in
2068 3869 2318 3935 scriniis
2354 3870 2617 3951 habuit,

499 3964 612 4033 aed
658 3987 790 4030 non
827 3968 1060 4031 emisit.
1105 3970 1229 4035 Alii
1273 3973 1458 4036 multi
1501 3974 1609 4039 hic
1654 3975 1782 4041 illic
1815 3974 2293 4040 observationes
2328 3978 2395 4039 in
2431 3976 2619 4039 Avie-

501 4091 658 4137 num
696 4069 1096 4156 delibat-unt,
1128 4075 1210 4140 ad
1259 4077 1513 4163 plenam
1554 4097 1759 4169 poetoe
1802 4081 2293 4145 exornationem
2331 4104 2465 4145 non
2502 4080 2619 4147 de·-
