2996 4685
799 411 925 477 AD
983 405 1272 475 ORAM
1331 399 1973 472 MARITIMAM.
2304 405 2444 500 497
2522 453 2530 464 .

328 529 510 620 quod
552 549 788 618 niagno
816 542 1108 591 veterum
1139 525 1529 612 scriptorum
1558 541 1883 588 consensu
1904 538 1971 587 et
1995 522 2450 611 praedieatione

329 631 707 698 celebratur.
749 628 998 692 Plinius
1019 675 1038 708 ,
1070 626 1183 692 lib.
1207 626 1290 706 V,
1327 647 1466 714 cap.
1510 648 1536 689 1
1563 673 1581 709 ,
1620 622 1969 688 studiorum
2003 625 2293 691 claritate
2322 651 2450 692 me-

329 731 790 798 morabiliorem
798 726 1014 817 βάσει
1033 775 1053 810 ,
1105 749 1302 816 quam
1333 749 1527 815 regno
1544 773 1565 806 ,
1614 722 1937 812 predicat.
1972 725 2353 792 Plutarchus
2380 730 2451 792 in

331 835 572 900 Sertor.
609 854 666 897 c-
710 853 790 918 9:
836 840 1038 893 πάντων
1074 836 1454 909 {neptunii-arm
1483 837 1721 902 βασιλέων
1740 869 1758 900 ,
1796 849 2015 914 regum
2048 831 2323 893 omnium
2358 830 2454 893 1ιί-

331 939 626 1000 storicum
640 931 1230 1021 praestantissimaecm
1261 943 1467 995 vocat.
1514 929 1861 996 Athenaeus
1874 978 1893 1013 ,
1925 929 2035 993 lib.
2068 930 2166 993 111
2185 977 2204 1011 ,
2235 953 2301 1017 p.
2326 929 2407 996 83
2434 980 2453 1008 ‚

333 1035 480 1100 Ῐόὸαν
509 1045 592 1098 τὸν
628 1043 948 1116 Μαυρουσίων
992 1044 1228 1108 βασιλέα,
1265 1036 1426 1112 ἄνδρα
1449 1044 1905 1112 πολυμαθέστατον.
1943 1029 2025 1094 Et
2054 1051 2251 1118 quam
2283 1047 2459 1096 vasta

335 1137 636 1224 variaque
670 1135 866 1216 hujus
918 1134 1086 1224 regis
1119 1132 1434 1198 doctrina
1489 1131 1716 1214 fuerit,
1754 1145 2071 1221 quantum
2104 1131 2458 1218 praesertim

337 1237 622 1304 historiae
647 1283 667 1317 ,
717 1235 1124 1326 geographioe
1166 1251 1233 1300 et
1277 1257 1498 1300 rerum
1549 1251 1795 1299 naturae
1853 1231 2143 1298 studium
2158 1279 2177 1314 ,
2240 1234 2461 1298 multi·

340 1337 502 1403 tudo
531 1337 852 1403 librorum
879 1337 1016 1418 ejus
1038 1335 1324 1402 ostendit
1341 1381 1362 1419 ,
1387 1336 1503 1425 qui
1528 1337 1765 1423 passim
1782 1334 1865 1400 ab
1884 1334 2168 1422 antiquis
2188 1335 2463 1424 scripto-

340 1439 522 1504 ribus
546 1487 564 1515 ‚
595 1438 871 1505 maxime
911 1461 1070 1504 vero
1095 1461 1134 1504 a
1170 1437 1381 1502 Plinio
1415 1455 1482 1502 et
1512 1437 1863 1502 Plutarcho
1916 1436 2218 1500 citantur.
2271 1437 2463 1502 Unde

341 1539 777 1628 plurimorum
827 1541 1052 1607 titulos
1101 1555 1170 1604 et
1211 1555 1593 1628 argumenta
1634 1537 1961 1602 recensuit
2010 1537 2279 1602 Vossius
2302 1586 2323 1618 ,
2382 1537 2465 1603 de

343 1641 512 1708 Hist.
543 1641 746 1708 Graec.
777 1642 888 1706 lib.
917 1641 982 1706 11
1003 1688 1022 1722 ,
1070 1663 1208 1728 cap.
1242 1643 1284 1718 4
1303 1688 1322 1722 ,
1362 1657 1428 1704 et
1453 1639 1833 1706 Harduinus
1864 1640 1933 1702 in
1962 1637 2187 1704 Indice
2218 1642 2465 1705 Aucto·

343 1765 514 1826 rum,-
539 1743 652 1831 qui
685 1765 722 1806 a
747 1742 962 1807 Plinio
986 1741 1056 1805 in
1089 1741 1371 1806 Historia
1399 1743 1627 1807 Natur.
1652 1735 2099 1830 adpellantur3
2140 1757 2283 1805 tum
2310 1763 2467 1805 vero
2508 1729 2516 1742 ’

345 1843 823 1909 accuratissime
849 1841 933 1909 de
959 1842 1140 1908 Juboe
1163 1843 1332 1932 regis
1351 1844 1481 1907 vita
1505 1859 1572 1908 et
1591 1844 1842 1932 scriptis
1866 1841 1995 1931 egit
2021 1843 2314 1923 sevinus,
2346 1841 2475 1906 dis-

346 1941 692 2005 sertatione
730 1941 1060 2006 Memoriis
1107 1941 1244 2006 sive
1292 1943 1789 2007 Commentariis
1835 1941 2193 2006 Aoedemiae
2240 1943 2476 2007 Inscri-

346 2041 650 2128 ptionum
673 2043 886 2133 Regiae
904 2043 1102 2108 Paris.
1143 2044 1366 2136 gallice
1395 2042 1581 2109 editis
1614 2045 1855 2110 inserta
1874 2094 1892 2120 ‚
1926 2060 2085 2110 tom.
2113 2045 2225 2128 1v,
2248 2069 2311 2133 p.
2344 2047 2471 2136 457

347 2165 481 2230 seq.
555 2145 633 2207 ln
694 2143 1016 2208 historicis
1077 2145 1400 2234 praecipue
1449 2146 1695 2212 eminet
1757 2169 1927 2236 opus
1987 2147 2124 2227 ejus
2176 2148 2473 2235 pluribus

347 2244 790 2308 voluminibus
821 2246 1210 2332 explicatum
1230 2289 1252 2326 ‚
1279 2246 1360 2309 de
1389 2245 1788 2335 expedicione
1820 2247 2111 2312 Arabica
2133 2247 2229 2311 ad
2250 2247 2476 2314 Caium

352 2345 700 2428 Caesarem,
735 2344 1016 2434 Augusti
1040 2344 1280 2429 filium,
1307 2370 1344 2409 a
1369 2347 1617 2429 Plinio,
1646 2348 1757 2413 lib.
1784 2348 1877 2412 vl
1899 2396 1917 2429 ,
1955 2370 2058 2436 27,
2092 2364 2158 2413 et
2187 2350 2339 2432 XII,
2377 2354 2476 2431 14,

348 2444 700 2511 laudatum.
741 2444 940 2528 Quod
973 2468 1142 2535 opus
1175 2448 1284 2512 ille
1319 2447 1408 2513 ob
1440 2468 1749 2537 magnum
1786 2449 1853 2511 in
1883 2450 1953 2512 C.
1984 2450 2297 2513 Caesarem
2334 2467 2475 2514 stu-

349 2544 556 2627 dium,
592 2545 1120 2633 adfinitatemque
1146 2570 1298 2613 cum
1321 2570 1432 2628 eo,
1465 2547 1649 2635 quod
1676 2549 2011 2636 Cleopatra
2030 2596 2047 2629 ,
2074 2548 2256 2613 Juhoe
2286 2572 2474 2632 uxor,

353 2646 548 2711 amita
579 2646 772 2709 Liviae
791 2693 808 2723 ‚
843 2646 976 2709 Caii
1025 2648 1182 2713 Caes.
1213 2649 1436 2715 uxoris
1465 2664 1637 2713 esset
1654 2697 1672 2728 ‚
1716 2665 1786 2713 et
1820 2650 2177 2738 suscepisse
2218 2666 2283 2714 et
2316 2651 2476 2715 Caio

351 2747 476 2837 ipsi
507 2746 833 2811 dedicasse
861 2745 1137 2813 videtur.
1165 2748 1438 2813 Laudari
1462 2766 1751 2814 meretur
1780 2748 2013 2830 ῥωμιῖκὴ
2037 2761 2225 2830 ἱστορία
2246 2794 2265 2822 ,
2314 2751 2445 2815 sive
2464 2800 2483 2832 ,

357 2864 436 2913 ut
471 2844 624 2911 alias
662 2862 968 2927 vocatur,
1002 2844 1238 2928 ϋωμαιὶιιὴ
1281 2859 1623 2931 metaturi«,
1670 2848 1856 2930 cujus
1902 2849 2145 2914 librum
2196 2852 2479 2938 primum

355 2948 577 3014 laudat
610 2948 974 3037 Stephanus
999 2948 1070 3013 in
1101 2952 1418 3031 Ᾰὸοριγῑνις,
1453 2964 1522 3013 et
1550 2948 1751 3031 (ἱστία,
1786 2950 1983 3015 alium
2016 2951 2087 3014 in
2116 2952 2353 3035 Δρεάκη,
2382 2974 2485 3017 se·-

357 3050 653 3116 cundum
697 3050 936 3117 librum
982 3050 1156 3117 idem
1201 3051 1272 3115 in
1315 3061 1583 3129 Νομαντίσι
1599 3080 1614 3097 ·
1656 3051 1889 3117 crebro
1938 3051 2129 3116 etiam
2168 3054 2488 3142 respicere

359 3154 524 3217 solet
557 3152 942 3217 Plutarchus
983 3154 1054 3217 in
1105 3154 1352 3235 Quaest.
1382 3151 1713 3216 Romanis.
1758 3151 2011 3217 Adfinis
2054 3168 2122 3217 et
2154 3153 2485 3233 conjuncti

361 3254 728 3341 argumenti
749 3252 876 3317 fuit
901 3253 1084 3334 liber,
1103 3275 1300 3341 quem
1320 3253 1647 3341 inscripsit
1668 3265 1953 3333 ὁμοιότητας
1970 3301 1988 3334 ,
2013 3252 2487 3334 Similitudines,

361 3352 480 3419 ubi
510 3375 914 3442 comparasse
945 3353 1204 3419 videtur
1237 3354 1400 3419 ritus
1431 3371 1500 3418 et
1524 3354 1789 3418 nomina
1825 3376 2041 3419 rerum
2060 3401 2078 3434 ,
2112 3376 2256 3440 quae
2284 3355 2491 3419 Graeci

363 3472 430 3520 et
457 3454 737 3519 Romani
767 3454 958 3519 simili
973 3503 990 3536 ,
1013 3470 1128 3518 aut
1148 3454 1400 3520 diversa
1423 3455 1891 3545 significatione
1916 3471 2320 3543 usurparunt
2338 3506 2355 3537 ‚
2392 3460 2489 3523 uti

364 3554 663 3645 colligere
698 3570 796 3619 est
830 3576 910 3619 ex
940 3556 1088 3619 loco
1120 3556 1442 3638 Athenaei,
1473 3555 1585 3620 lib.
1616 3556 1731 3637 IV,
1780 3578 1849 3645 p.
1888 3580 2029 3645 ¹7⁰·
2074 3556 2317 3647 Magno
2342 3562 2493 3626 usui

365 3657 520 3745 ipsis
557 3656 864 3721 Romanis
897 3656 1167 3721 fuerunt
1209 3659 1347 3737 ejus
1384 3656 1833 3723 commentae-ia·
1860 3656 1942 3720 ds
1970 3656 2170 3747 Laba
2188 3707 2209 3740 ,
2252 3673 2502 3742 συγγράμ-

368 3786 510 3837 μτα
529 3766 640 3839 πιρὶ
663 3764 844 3830 Διὸύης
863 3805 883 3839 ,
923 3756 1040 3821 ubi
1070 3758 1513 3825 memorabilia
1548 3757 1752 3821 multa
1786 3778 2141 3846 regnorum
2179 3775 2244 3824 et
2284 3762 2496 3849 regio-

371 3878 531 3920 num
565 3858 792 3923 Africoe
822 3876 1257 3947 persequutus
1299 3858 1578 3923 videtur.
1618 3858 1789 3921 Citat
1818 3878 2045 3921 eorum
2080 3858 2321 3923 librum
2370 3876 2501 3924 ter-

374 3958 540 4021 tium
566 3957 981 4040 Plutarchus,
1008 3959 1297 4024 Par-allel.
1335 3960 1573 4023 minor.
1614 3980 1753 4046 cap.
1796 3957 1909 4039 23,
1953 3974 2137 4022 tomo
2168 3959 2293 4022 VII
2329 3980 2510 4047 oper,

375 4056 479 4123 ed.
510 4058 726 4124 Reisk.
753 4082 899 4150 pag.
937 4061 1088 4148 237,
1127 4060 1240 4123 ubi
1284 4059 1368 4124 de
1405 4058 1759 4125 Callirrhoe
1783 4058 1938 4147 Lyci
1964 4056 2125 4139 filia,
2178 4057 2514 4122 Diomedis

372 4181 592 4225 amore
643 4176 828 4247 capta
874 4176 942 4225 et
985 4161 1108 4226 sibi
1148 4177 1428 4226 mortem
1467 4159 1910 4227 consciscente
1951 4159 2251 4223 narravit.
2280 4159 2379 4222 Ex
2416 4157 2520 4222 iis-

634 4266 715 4332 V.
810 4348 816 4355 ι
2137 4257 2225 4327 32
