2996 4685
606 338 739 438 570
1332 344 1413 408 R.
1466 344 1539 409 F.
1595 340 1969 409 AVIENI

696 466 1111 549 Demittunt,
1148 477 1389 532 tetram
1431 462 1643 532 donec
1676 464 1899 533 Notus
1931 458 2182 529 ambiat
2223 459 2533 541 aethram,

695 576 935 644 Dicere
961 571 1285 644 Romuleo
1321 574 1631 643 connitor
1667 573 1962 642 carmine.
2002 569 2225 638 solers.

1507 762 1804 809 ORION.

791 885 1141 955 Subtrahit
1176 884 1452 981 obliquo
1490 910 1622 981 qua
1665 910 1802 955 sese
1846 884 2136 955 circulus
2177 884 2342 952 orbe

692 994 986 1089 Signifer
1017 1020 1055 1063 a
1081 999 1325 1079 Borea,
1356 997 1560 1091 inque
1594 994 1914 1065 australes
1953 1020 2022 1064 se
2063 995 2236 1089 gerit
2267 994 2572 1062 umbras:

693 1106 833 1174 Sub
876 1106 1075 1175 medii
1107 1107 1249 1200 jam
1290 1105 1464 1175 mole
1492 1105 1630 1202 poli
1669 1106 1808 1176 fera
1843 1121 2118 1201 pectora
2140 1107 2344 1174 Tauri

584 1280 589 1285 .
693 1216 984 1310 Suscipit
1012 1217 1248 1287 Orion.
1282 1220 1520 1311 Neque
1559 1218 1914 1311 quisquam
1954 1230 2152 1285 nocte
2193 1240 2426 1284 serena

689 1327 1091 1414 Transierit3
1122 1327 1295 1398 celso
1338 1325 1469 1397 late
1509 1352 1578 1395 se
1620 1326 1894 1397 cardine
1938 1324 2206 1421 pandit,

691 1436 1151 1531 Auratumque
1186 1438 1432 1506 rubens
1469 1437 1750 1506 dimittit
1789 1435 2052 1505 balteus
2089 1459 2334 1503 ensem.

1509 1625 1866 1671 stnlus.·

788 1760 969 1831 Talis
998 1776 1069 1830 et
1107 1764 1249 1857 ipse
1283 1764 1502 1832 virum
1539 1764 1807 1859 gemina
1837 1763 1924 1832 ad
1958 1764 2234 1858 vestigia
2269 1776 2492 1832 custos

692 1870 1093 1964 Insequitur.
1130 1873 1239 1941 Sic
1276 1872 1694 1968 flammigero
1733 1873 2170 1967 distinguitur
2203 1888 2380 1942 astro

690 1979 1001 2049 AEtheriae
1032 1982 1237 2052 Canis
1280 1981 1391 2051 ille
1435 1982 1681 2078 plagae,
1721 1986 1831 2053 cui
1873 1983 2202 2078 plurimus
2237 1984 2440 2053 ardor

687 2093 948 2161 AEstuat
990 2092 1059 2159 in
1104 2106 1378 2179 mento;
1412 2091 1666 2163 multus
1704 2094 1914 2163 rubor
1949 2095 2192 2162 imbuit
2229 2120 2383 2178 ora;

689 2200 929 2270 Stridit
966 2201 1305 2271 anhelanti
1344 2203 1485 2274 face
1522 2205 1820 2298 pestifer,
1861 2230 2014 2273 aera
2055 2219 2248 2273 motu

687 2312 961 2396 Torret,
1002 2325 1070 2379 et
1108 2311 1452 2383 immodici
1492 2329 1704 2386 terras
1733 2316 1964 2411 coquit
2000 2315 2270 2410 ignibus
2301 2316 2486 2385 astri.

690 2419 817 2489 Hic
848 2422 1067 2489 varios
1101 2422 1295 2492 ardet
1330 2423 1536 2493 stellis
1571 2425 1998 2495 rutilantibus
2032 2441 2260 2512 artus;
2633 2446 2689 2494 :³⁶

693 2528 823 2599 Sed
861 2555 999 2599 non
1040 2547 1140 2601 est
1182 2533 1417 2604 similis
1452 2537 1711 2605 cunctis
1739 2537 1967 2631 vigor,
1995 2535 2291 2630 undique
2324 2536 2564 2630 quippe

688 2639 898 2709 Alvus
930 2666 1195 2712 coeanea
1234 2659 1377 2727 est;
1412 2661 1642 2714 mento
1681 2647 1901 2740 gravis
1936 2645 2152 2714 effluit
2187 2645 2420 2729 ardor,

686 2751 824 2839 Qui
867 2751 1225 2822 formidato
1266 2756 1389 2824 sub
1431 2758 1706 2846 nomine
1742 2757 1954 2827 Sirius
1993 2756 2270 2826 aethram

585 2958 747 3011 porro
803 2942 1065 3012 plurimus
1085 2970 1124 2995 »-
1166 2944 1325 2998 Conf.
1374 2957 1487 2998 not.
1537 2944 1608 2999 ad
1777 2949 1910 3017 728,
1938 2964 2058 3018 7²9·
2111 2950 2282 3000 Ser-ldie
2323 2949 2573 3000 anhelanti
2587 2945 2690 3014 sace

588 3019 777 3072 Avieni
800 3020 1003 3092 Perieg.
1028 3041 1105 3074 vs.
1135 3022 1252 3092 373.
1693 3029 1922 3096 pestifer,-
1939 3045 2061 3079 aera
2079 3040 2210 3078 mom
2225 3031 2405 3089 Torret,
2423 3041 2474 3078 ee
2487 3023 2692 3076 immodici

658 3097 790 3169 718·
806 3117 929 3168 721.
973 3103 1220 3152 Saba-altit
1257 3105 1452 3170 obliquo
1501 3123 1604 3172 qua
1702 3121 1856 3158 terras
1883 3108 2056 3172 coquit
2073 3109 2270 3174 ignibus
2293 3109 2432 3158 astri.
2457 3107 2690 3159 Iterumex

589 3199 695 3231 sese
723 3181 931 3232 circulus
967 3184 1081 3232 orbe
1106 3182 1322 3251 Signifer
1342 3203 1379 3234 a
1406 3191 1567 3236 Bor-ea
1583 3223 1600 3244 ,
1701 3184 2072 3238 emendatione
2089 3185 2283 3238 Grotii.
2309 3186 2453 3239 Male
2473 3185 2620 3254 vulgo
2639 3181 2690 3232 le·

583 3263 733 3327 inque
759 3264 999 3312 australes
1024 3280 1079 3312 se
1100 3263 1235 3330 gerit
1254 3266 1479 3324 umbras,
1510 3266 1606 3313 Sub
1697 3264 1840 3336 gitur
1869 3275 1922 3317 et
1947 3263 2291 3336 distinguitur
2311 3283 2325 3316 :
2355 3292 2382 3312 ι
2404 3264 2582 3318 stridit
2613 3279 2688 3312 sn·

583 3342 842 3410 mediijam
860 3343 986 3391 mole
996 3341 1221 3408 polifera
1232 3355 1438 3409 pectora
1456 3345 1607 3393 Tam-i
1692 3343 1898 3397 helanti
1947 3345 2062 3398 face
2108 3345 2324 3414 pestifer
2375 3362 2499 3398 aera
2545 3352 2690 3400 motu.

580 3423 789 3489 Suscipit
812 3423 980 3473 Orion.
1005 3419 1081 3473 Ita
1112 3417 1211 3472 hos
1240 3439 1419 3474 versus
1446 3421 1602 3474 resti·
1691 3423 1884 3476 Torret
1916 3435 1968 3476 et
2005 3421 2306 3476 immodicis
2345 3435 2510 3476 terras
2543 3417 2688 3490 coquit

581 3500 683 3552 tuit
705 3498 943 3552 Grotius.
971 3499 1384 3572 corruptissime
1404 3501 1565 3571 vulgo
1585 3518 1599 3552 :
1694 3503 1903 3576 ignibus
1925 3501 2052 3554 astri
2077 3527 2118 3553 ι.
2146 3501 2250 3555 Ed.
2272 3500 2397 3554 Ald.
2419 3501 2574 3555 habet
2589 3514 2629 3550 et
2648 3499 2686 3544 ὑ·

582 3605 605 3626 ι
627 3578 895 3632 Subtrahit
914 3578 1131 3650 obliquo
1156 3596 1265 3650 qna
1292 3597 1403 3632 sese
1440 3579 1607 3633 circu·
1695 3583 1889 3633 modici.
1913 3579 2071 3634 Conf.
2099 3580 2280 3633 Avien.
2303 3579 2508 3654 Perieg.
2533 3597 2604 3631 vs.
2622 3593 2688 3644 7⁰·

574 3660 661 3712 lus
690 3658 817 3710 orbe
833 3656 1087 3728 Signifer,
1108 3658 1163 3710 in
1183 3659 1386 3712 Borean
1407 3671 1610 3714 austra-
1769 3661 1890 3730 73²·
1917 3664 2069 3712 Alvus
2089 3680 2297 3712 coeanea
2315 3675 2406 3712 ese.
2432 3661 2517 3715 Sic
2541 3659 2688 3728 legen-

584 3740 657 3791 les
699 3739 866 3808 egerit
898 3739 1144 3803 umbi-³1⁸3
1194 3739 1268 3791 Ut
1308 3740 1467 3793 medii
1497 3742 1608 3811 jam
1697 3739 1843 3793 dum.
1897 3737 1997 3792 Ed.
2043 3737 2162 3791 Ald.
2225 3766 2248 3785 α
2267 3740 2462 3792 Alveus
2508 3739 2687 3791 Oceana

583 3817 725 3869 mole
748 3815 859 3887 poli
888 3816 995 3870 fera
1031 3830 1243 3889 pectora
1266 3819 1433 3873 Tauri
1450 3859 1465 3878 ,
1486 3819 1611 3872 Sus·
1700 3829 1776 3872 est
1793 3843 1835 3871 n.
1855 3817 1995 3871 Hinc
2015 3817 2289 3871 Morellius
2317 3817 2468 3872 dedit
2486 3844 2508 3864 ι
2527 3815 2684 3867 Alveus

584 3895 715 3967 cipit
747 3895 915 3947 Orion
938 3919 981 3947 ι.
1017 3899 1085 3949 In
1124 3899 1335 3970 vulgata
1368 3900 1470 3953 hac
1500 3901 1609 3953 lec·
1700 3915 1904 3970 cyanea
1932 3908 2010 3950 est
2033 3923 2072 3948 ι.
2109 3899 2281 3950 Recte.
2311 3897 2517 3949 Verum
2537 3905 2569 3947 Υ
2591 3909 2690 3965 grae·

586 3976 732 4028 tione
746 3989 801 4025 ut
817 3977 969 4026 medii
984 3987 1157 4047 potest
1177 3978 1327 4044 ferri,
1346 3992 1405 4031 ut
1426 3998 1611 4032 sensus
1702 3997 1825 4030 cum
1848 3979 2054 4050 antiqui
2073 4000 2117 4030 oe
2142 3977 2481 4051 diphthongo
2499 3973 2688 4030 reddere

587 4055 686 4108 sit:
712 4055 894 4108 «mole
922 4053 1031 4125 poli
1056 4056 1205 4108 velut
1232 4057 1391 4111 medii
1414 4085 1459 4110 ι».
1500 4059 1612 4110 Cre·
1703 4057 1970 4123 solebant,
2013 4070 2068 4109 ut
2115 4057 2235 4118 hic,
2287 4061 2498 4108 coerulen
2544 4055 2688 4110 color?

584 4149 695 4189 tera
722 4135 941 4188 tolerari
968 4148 1252 4205 nequeunt.
1704 4141 1859 4188 alvus.
1893 4137 1996 4188 En.
