2996 4685
730 391 1349 462 DESCRIPTIO
1400 393 1698 460 ORBlS
1749 393 2122 464 TERRAE.

2353 393 2493 487 257

556 513 799 586 Insulae
840 515 911 586 in
950 513 1205 584 Oceani
1246 513 1674 607 procursibus
1716 513 1819 582 hae
1859 515 1978 584 tibi
2022 531 2281 587 tantum

464 627 779 696 Carmine
816 639 974 696 suut
1011 623 1269 719 dignae:
1306 622 1548 692 multas
1581 624 1764 693 vehit
1800 624 2098 722 undique
2130 643 2376 722 pontus

469 737 793 806 Praeterea
818 790 839 822 ‚
885 758 1122 831 parvas
1168 735 1417 827 specie,
1456 731 1763 827 famaque
1799 750 2117 805 carentes.

2417 764 2494 801 805

460 849 621 914 Pars
650 847 909 930 Asiam,
940 844 1219 939 Libyam
1266 867 1421 938 pars
1462 843 1726 936 adjacet
1757 835 1968 913 altera
2001 862 2247 940 ponto,

460 959 623 1025 Pars
653 955 831 1025 videt
862 960 1201 1050 Europam
1233 981 1249 1023 τ
1288 979 1427 1023 non
1465 953 1585 1022 has
1621 969 1846 1023 tamen
1879 970 1998 1024 aut
2033 956 2270 1027 modus
2305 985 2474 1048 orae,

465 1070 601 1136 Aut
636 1067 895 1135 interna
934 1067 1076 1134 cavi
1116 1064 1542 1134 commendat
1571 1088 1742 1135 vena
1775 1063 2043 1134 metalli.

434 1287 553 1348 804.
579 1289 761 1336 Multas
792 1285 929 1334 vehit
947 1285 1165 1350 undique
1179 1295 1380 1349 ponus.

360 1367 499 1418 Nota
516 1381 669 1417 usum
692 1361 1005 1415 insolentem
1021 1358 1171 1414 verbi
1184 1362 1381 1411 vehere.

268 1469 273 1474 ·
361 1447 426 1502 Id
436 1443 693 1520 sequioris
706 1441 875 1496 atatis
888 1439 1234 1512 scriptoribus
1242 1455 1381 1511 sape

359 1525 501 1580 idem
522 1541 635 1580 esse
653 1540 715 1576 so
726 1522 1137 1591 fert-epponem,
1153 1532 1379 1587 gestam,

358 1606 480 1660 satis
500 1615 685 1658 notum
712 1613 815 1666 est,
842 1611 893 1654 et
922 1597 1105 1652 docuit
1136 1591 1377 1650 Gronov.

356 1685 584 1738 Observ.
624 1683 716 1736 lib.
753 1681 837 1733 111
857 1721 873 1746 ,
894 1697 1011 1750 cap.
1044 1677 1097 1731 5.
1124 1675 1379 1740 Rutilius,

358 1764 387 1816 I
402 1806 419 1830 ‚
435 1766 537 1829 486
550 1781 567 1817 t
581 1789 607 1810 α
620 1763 751 1834 riget
764 1758 1013 1814 horridus
1032 1758 1190 1820 Ister,
1210 1755 1382 1809 Gran-

360 1841 554 1915 diaque
599 1841 849 1896 adstricto
890 1837 1111 1890 flumine
1146 1835 1379 1907 plaustra

359 1923 542 1976 vehit·
560 1961 577 1984 ,
596 1923 631 1975 i.
672 1939 719 1974 e.
760 1929 950 1992 portat.
994 1917 1063 1968 Et
1107 1912 1254 1988 quod
1290 1913 1379 1966 alii

356 2003 642 2075 scriptores
701 1997 889 2053 dicunt
908 2035 926 2061 ,
960 1998 1105 2067 serm
1162 1997 1378 2062 aliquem

357 2084 614 2146 laudibus,
636 2078 692 2133 id
714 2077 940 2143 Plinius,
957 2074 1125 2146 Epist.
1155 2073 1257 2136 IV,
1289 2089 1378 2142 27,

357 2160 647 2216 «laudibus
676 2159 938 2222 vehere-3
969 2153 1077 2208 vid.
1114 2153 1262 2208 cort.
1307 2150 1377 2204 ad

356 2259 480 2294 eum
517 2239 713 2294 locum.
748 2235 853 2291 Sed
890 2247 1070 2290 tamen
1098 2235 1279 2285 vehere
1314 2230 1378 2282 iis

358 2319 487 2373 locis
511 2329 801 2391 usurpatur
825 2312 894 2369 de
916 2314 1097 2381 rebus,
1113 2330 1233 2384 quo
1256 2329 1379 2384 por-

356 2398 521 2453 tando
540 2399 699 2453 simul
717 2406 1114 2470 promoventur.
1135 2393 1235 2447 Hic
1249 2410 1378 2463 pon-

356 2490 441 2531 tus
453 2478 651 2533 insulas
663 2516 680 2541 ,
694 2478 823 2530 fixas
833 2488 885 2529 et
898 2476 1141 2527 immotas
1153 2513 1169 2539 ‚
1181 2470 1376 2525 vehere

356 2556 564 2613 dieitur.
579 2559 743 2630 Cujus
756 2574 939 2609 sensus
954 2554 1175 2607 similem
1194 2552 1377 2604 locum

354 2640 564 2691 nullum
580 2638 757 2691 iuveni
771 2675 787 2701 ‚
798 2634 899 2689 nisi
908 2634 1035 2689 velis
1050 2633 1195 2685 hune
1217 2630 1377 2684 Clau-

356 2716 505 2771 diani
517 2718 669 2790 Rapt.
687 2716 776 2769 Pr.
792 2715 871 2777 11,
891 2714 989 2784 ²⁵7
1011 2730 1024 2765 :
1046 2738 1071 2759 σ-
1081 2712 1217 2765 Ossa
1226 2708 1375 2781 prui-

356 2814 545 2849 nosum
564 2796 710 2849 vexit
730 2794 967 2866 glacialis
999 2793 1289 2863 Olympum
1312 2813 1375 2852 ιι,

355 2876 447 2929 ubi
475 2888 649 2930 tamen
679 2873 907 2946 positum
936 2890 1049 2927 esse
1071 2881 1243 2945 potest
1269 2886 1372 2940 pro

356 2956 527 3010 evexit
544 2996 558 3021 ,
576 2956 769 3021 erexit,
786 2951 1013 3008 sustulit.
1036 2950 1171 3004 Hinc
1196 2950 1377 3003 forsan

356 3040 493 3088 vehit
518 3036 621 3089 hoe
654 3036 775 3087 loeo
808 3029 1177 3105 explicandum
1198 3040 1277 3082 est
1304 3028 1375 3081 de

356 3128 505 3168 motu
528 3116 583 3167 in
620 3114 776 3169 altius
792 3154 807 3179 ,
836 3130 939 3183 pro
967 3112 1129 3179 erigit,
1148 3113 1369 3171 adtollit,

355 3207 417 3246 ut
434 3194 625 3246 Noster
642 3192 820 3245 multis
833 3191 962 3243 locis
981 3226 998 3253 ,
1024 3201 1075 3241 et
1098 3188 1371 3261 quomodo

354 3290 516 3344 supra
541 3290 595 3325 ν.
630 3270 733 3342 795
774 3270 985 3324 dicebat
1025 3272 1278 3321 Cumanis
1316 3288 1373 3319 se

354 3355 537 3404 invehit
559 3356 723 3402 tendas
738 3389 753 3411 ,
776 3360 977 3401 motum
1014 3347 1081 3401 ad
1112 3346 1335 3400 ulterius
1350 3382 1369 3408 ‚

354 3432 442 3484 vel
485 3430 868 3500 promotionem
907 3428 963 3480 in
998 3445 1142 3479 unsre
1166 3425 1375 3497 signifi-

354 3528 495 3563 cans.
504 3510 904 3565 W.-c·anm·n0
914 3508 1209 3574 maffgem
1227 3524 1377 3563 mon,

354 3600 520 3643 strosa
543 3600 621 3643 est
643 3589 803 3641 lectio
814 3588 1031 3640 Veneto
1044 3595 1096 3637 et
1114 3584 1252 3637 Pith.
1278 3584 1373 3638 sed

354 3668 467 3741 ipse
487 3669 625 3722 Pith.
650 3670 707 3722 in
732 3665 959 3721 Emend.
986 3668 1043 3718 in
1064 3681 1235 3739 poem.
1258 3682 1373 3717 cor-

352 3748 487 3803 rexit
519 3762 663 3800 erunt
695 3751 883 3818 dignoe.
920 3746 1109 3799 Melius
1138 3744 1293 3815 Cusp.
1320 3756 1377 3797 et

354 3826 491 3879 Vad.
534 3831 752 3879 ear-mine
786 3841 902 3878 sune
938 3828 1135 3893 ἀέρια,
1164 3823 1375 3896 conspi-

352 3906 594 3960 rantibus
628 3904 831 3959 editore
858 3902 1075 3957 Msdrit.
1111 3901 1370 3956 Hudsouo

352 3996 405 4040 et
422 3984 643 4039 Schrad.
662 3984 755 4056 qui
772 3983 911 4037 idem
930 3982 1168 4055 pru-bere
1187 3982 1371 4035 Ambr.

356 4064 629 4129 adfirmat3
644 4082 706 4116 ex
720 4064 945 4135 ipsoque
966 4062 1127 4115 Poeta
1149 4061 1338 4132 probat
1353 4098 1370 4124 ,

354 4146 445 4216 qui
470 4162 593 4197 mox
618 4144 783 4208 infra,
804 4162 857 4195 v.
884 4140 1255 4212 1391,pariter
1270 4140 1366 4192 ait:
1386 4218 1405 4241 ο

610 4236 691 4303 V.

1476 1303 1502 1326 «ι
1515 1280 1670 1332 nullis
1687 1291 1811 1334 sunt
1833 1280 2006 1354 digna
2025 1282 2256 1356 denique
2273 1290 2439 1342 Musis
2452 1317 2490 1344 -.

1541 1359 1662 1412 805.
1681 1359 2008 1416 Schraderus
2031 1361 2354 1439 distinguere
2375 1388 2492 1424 ma-

1471 1438 1530 1490 lit
1560 1445 1800 1492 Proeterea
1823 1460 2011 1509 parvas
2025 1481 2046 1505 ,
2070 1448 2230 1513 speeie
2242 1447 2494 1517 famaque

1468 1533 1707 1571 carente-5.

1541 1598 1659 1650 806.
1677 1595 1780 1650 Hic
1798 1617 1981 1652 versus
2003 1607 2130 1653 Pars
2153 1607 2322 1656 Asiam
2342 1645 2357 1667 ,
2383 1619 2486 1662 etc.

1466 1677 1524 1732 in
1568 1681 1796 1754 vulgatis
1838 1679 1985 1733 editt.
2031 1682 2282 1736 omnibus
2330 1687 2490 1757 plane

1464 1759 1642 1814 alieno
1682 1763 1829 1826 loeo,
1867 1771 1921 1813 et
1963 1761 2242 1816 manifesto
2281 1783 2488 1830 errore,

1464 1838 1603 1893 inter
1640 1859 1848 1895 versum
1895 1839 1996 1892 81²
2044 1845 2233 1894 Harum
2270 1849 2405 1912 quis,
2435 1859 2488 1900 et

1466 1919 1570 1973 813
1592 1926 1646 1972 Si
1667 1923 1795 1974 velit
1825 1924 1916 1972 luas
1954 1924 2107 1981 ullus,
2129 1923 2330 1991 positus
2348 1937 2490 1993 erat,

1466 1999 1560 2051 sed
1577 2001 1659 2053 Jo.
1679 2001 2004 2054 Schraderus
2027 2000 2081 2054 in
2108 1999 2242 2054 libro
2261 2003 2485 2059 Observ.

1464 2095 1585 2150 cap.
1616 2086 1680 2143 4,
1705 2099 1760 2151 p.
1790 2081 1855 2142 4⁵
1877 2118 1892 2142 ‚
1923 2084 1990 2145 46
2015 2120 2030 2146 ‚
2059 2097 2182 2133 eum
2209 2080 2300 2134 hic.
2323 2083 2488 2138 eollo-

1464 2157 1717 2226 candum,
1731 2173 1784 2212 et
1796 2177 1916 2212 cum
1931 2177 2086 2212 versu
2103 2161 2204 2231 807
2214 2167 2334 2213 Pars
2349 2167 2490 2216 videt

1462 2241 1728 2306 Europam,
1742 2238 2164 2292 continuandum
2180 2259 2482 2314 esse,quum

1464 2315 1582 2369 aliis
1605 2318 1926 2391 argumentis
1940 2357 1955 2383 ,
1977 2319 2135 2372 certis
2158 2331 2210 2373 et
2233 2319 2487 2376 evidenti-

1462 2396 1562 2449 bus
1581 2408 1727 2462 ,tum
1753 2398 1981 2451 maxime
2011 2399 2252 2473 Dionysii
2286 2414 2338 2455 et
2366 2403 2480 2457 Pri-

1461 2477 1627 2529 sciani
1652 2478 1958 2531 auctoritate
1974 2517 1990 2542 ‚
2011 2480 2165 2551 jussit
2182 2522 2197 2548 ,
2219 2494 2280 2535 ut
2303 2502 2484 2538 neces·

1460 2558 1658 2609 sarium
1698 2556 1934 2610 duxeri-
1957 2596 1973 2621 ‚
2003 2560 2240 2631 elapsum
2283 2574 2336 2614 et
2374 2576 2481 2617 tra·

1458 2636 1658 2708 jectum
1681 2654 1886 2689 versum
1909 2656 2009 2690 suo
2031 2637 2152 2692 loco
2178 2641 2480 2707 restituere,

1460 2713 1624 2787 idque
1647 2726 1846 2769 tantum
1869 2717 2051 2780 mirer,
2077 2720 2342 2774 neminem
2371 2723 2484 2775 edi-

1460 2804 1640 2848 torum
1697 2807 1749 2848 et
1791 2797 2134 2869 interpretum
2155 2836 2172 2861 ,
2210 2800 2302 2872 qui
2352 2804 2483 2857 alias

1463 2873 1724 2927 Avienum
1771 2892 1894 2928 cum
1953 2876 2209 2949 Dionysio
2261 2892 2313 2933 et
2365 2882 2480 2935 Pri-

1464 2953 1646 3005 sciano
1687 2952 1964 3025 diligenter
2006 2958 2376 3029 contuleruut,
2393 2961 2480 3017 hic

1461 3032 1694 3104 aliquam
1719 3034 2106 3105 perversitatem
2133 3036 2337 3091 ordinis
2353 3040 2480 3095 odo-

1456 3122 1634 3165 ratum
1658 3129 1784 3166 esse.
1807 3114 2067 3167 Caeterum
2089 3114 2192 3169 hoc
2205 3134 2358 3171 versu
2378 3138 2479 3192 pro

1458 3196 1615 3244 altera
1628 3207 1784 3262 ponto
1807 3190 2170 3247 Schrad.olim
2199 3196 2256 3247 in
2282 3198 2398 3251 sch.
2428 3212 2481 3253 et

1456 3284 1573 3342 post
1614 3271 1668 3323 in
1705 3272 1846 3325 uotis
1885 3274 2114 3346 conjecit
2129 3294 2305 3342 porro,
2335 3279 2480 3349 quod

1456 3351 1590 3403 mihi
1634 3351 1960 3425 superfluum
1999 3351 2223 3405 videtur.
2273 3362 2476 3409 Pontum

1462 3429 1685 3502 conjecit
1736 3428 1970 3493 midine,
2006 3447 2126 3502 quo
2165 3430 2320 3486 lectio
2359 3455 2480 3508 pro.

1462 3520 1636 3579 pterea
1672 3507 1913 3579 displicet
1930 3545 1946 3570 ,
1965 3508 2111 3579 quod
2143 3513 2290 3582 quasi
2317 3532 2478 3585 quar-

1462 3600 1571 3642 tam
1607 3598 1808 3657 partem
1841 3586 2126 3641 insularum
2153 3589 2382 3664 adiicere
2403 3596 2482 3649 vi-

1458 3665 1636 3728 detur,
1651 3681 1810 3736 quam
1830 3665 2116 3739 Dionysius
2133 3670 2358 3742 ignorat.
2374 3675 2480 3728 Pro

1459 3746 1666 3813 adjacet
1703 3748 1860 3796 altera
1906 3746 1990 3797 vir
2052 3747 2238 3803 doctus
2281 3750 2337 3804 in
2381 3774 2476 3808 ora

1462 3822 1664 3893 Trogn.
1681 3822 1796 3874 vult
1819 3824 2031 3892 adspicit
2056 3830 2230 3881 altera.

1537 3902 1660 3958 808.
1693 3905 1832 3954 σανὶς
1857 3908 1993 3976 conj.
2014 3905 2235 3963 Oddius.
2253 3910 2356 3965 Sed
2373 3912 2478 3966 hoc

1458 3979 1654 4033 durum
1681 3982 1822 4051 juxta
1853 3994 1906 4035 et
1943 3986 2225 4040 obscurum
2261 4002 2352 4043 est.
2387 3996 2478 4042 Ca-

1456 4080 1594 4192 {aa
1623 4072 1704 4152 est
1755 4061 2026 4118 metallum
2045 4106 2062 4131 ,
2103 4068 2249 4137 quod
2287 4087 2474 4122 venam

1496 4158 1526 4192 a
1599 4152 1635 4193 t.

2111 4258 2191 4328 ¹7
