2996 4685
1760 107 1778 138 Ι

475 353 523 424 G
976 357 1110 426 DE
1168 360 1246 426 R.
1301 349 1619 427 FEST'O
1682 359 1914 427 AVIE
1931 359 2095 429 ΝΟ.

472 486 673 552 dedit.
713 489 884 552 Nam
915 505 993 552 ut
1023 487 1105 552 de
1139 511 1218 554 eo
1253 503 1571 554 memorat
1599 488 2021 552 Philostratus
2042 487 2165 576 (1),
2198 507 2406 577 quum
2434 486 2601 552 rele-

473 609 658 680 gatus
701 615 740 656 a
787 593 1049 660 Nerone
1087 610 1258 659 esset
1290 595 1358 657 in
1395 595 1709 676 insulam,
1742 593 1851 658 cui
1886 615 2127 657 nomen
2168 593 2417 682 Gyara,
2458 613 2604 680 quae

473 697 684 784 aquis·
710 712 858 762 ante
913 697 1216 762 destituta
1268 698 1685 781 credebatur,
1730 699 2073 764 Musonius
2116 699 2185 762 in
2236 720 2313 764 ea
2350 697 2605 761 fontem

471 803 760 880 invenit,
797 804 912 892 qui
945 821 1186 870 tantam
1218 805 1354 885 ejus
1391 806 1593 895 gratia
1622 805 2057 872 celebritatem
2092 821 2321 869 nactus
2353 820 2485 885 est,
2529 818 2607 865 ut

473 933 610 974 non
648 910 847 976 modo
877 911 1250 977 Graecorurn
1287 912 1548 1000 plurimi
1582 913 1721 994 ejus
1749 910 2067 976 lustrandi
2094 933 2316 976 caussa
2344 909 2607 975 adnavi-

475 1033 732 1106 garent,
759 1015 876 1080 sed
904 1017 1203 1085 nonnulli
1231 1017 1421 1082 etiam
1449 1019 1736 1082 camnine
1761 1017 2163 1081 celebrarent
2194 1015 2608 1104 perinde,oe

473 1123 932 1210 Hippocrenen
961 1124 1310 1190 Heliconis.
1333 1126 1659 1190 Caeterum
1690 1145 1885 1210 quem
1912 1123 2161 1186 fontem
2178 1171 2197 1204 ,
2226 1130 2291 1185 et
2317 1139 2483 1210 quos
2514 1122 2609 1185 la-

475 1227 630 1292 tices
660 1228 782 1296 hic.
800 1228 1112 1316 intelligat
1147 1229 1404 1310 Festus,
1443 1228 1756 1318 quodque
1805 1229 1867 1292 ei'
1909 1237 2151 1292 nomen
2194 1227 2607 1292 conciliatum

476 1332 676 1414 dicat,
709 1333 778 1398 id
804 1335 872 1398 in
898 1357 1130 1424 magna
1162 1334 1553 1402 'obscuritate
1578 1353 1905 1416 versatum
1932 1351 2017 1411 et,
2048 1334 2163 1423 qui
2188 1335 2357 1398 hanc
2384 1331 2611 1400 inscri-

477 1439 770 1527 ptionem
827 1442 1243 1529 protulerunt
1259 1490 1278 1522 ‚
1339 1443 1609 1529 ejusque
1660 1459 1891 1508 eaetera
1948 1441 2382 1528 explicarunt,
2432 1440 2614 1504 hunc

476 1569 734 1610 versum
765 1546 1125 1634 prudenter
1152 1569 1379 1611 omnes
1402 1547 1871 1635 praeteriemnt.
1902 1545 2194 1611 Dubium
2222 1561 2353 1627 est,
2386 1561 2615 1611 utrum

479 1653 680 1716 Gaesia
709 1653 796 1716 sit
837 1675 1020 1740 aquae
1051 1675 1322 1735 nomen,
1347 1651 1535 1740 quod
1566 1676 1603 1716 a
1630 1652 1805 1716 Festi
1838 1650 2191 1731 majoribus
2216 1651 2490 1737 accepit,
2528 1671 2616 1715 an

479 1776 635 1822 vero
665 1757 886 1847 oppidi
906 1806 925 1836 ,
956 1759 1058 1823 vel
1085 1759 1404 1848 regionis,
1439 1758 1545 1822 cui
1571 1758 1767 1822 vieini
1801 1775 1957 1823 sunt
1982 1757 2094 1821 -isti
2120 1755 2357 1820 latices.
2384 1755 2617 1841 Neque

478 1865 606 1928 hoc
641 1864 874 1953 liquet,
903 1881 1124 1930 utrum
1163 1888 1402 1930 nomen
1432 1865 1649 1952 ipsum
1683 1863 1839 1929 inde
1862 1863 2185 1951 accepisse
2214 1862 2416 1926 Coesia
2448 1859 2620 1925 diea-

479 1985 608 2052 tur,
634 1994 715 2034 an
741 1995 896 2036 vero
927 1973 1160 2038 famam
1199 1988 1449 2037 tantum
1477 1988 1543 2037 et
1565 1972 2025 2037 celebritatem.
2054 1970 2120 2032 Si
2142 1969 2338 2033 Caesia
2373 1989 2617 2032 nomen

479 2076 680 2140 fontis
711 2095 846 2158 est,
883 2102 917 2142 a
939 2081 1133 2143 Festo
1155 2081 1441 2158 Avieno,
1477 2079 1582 2142 vel
1617 2101 1652 2140 a
1683 2076 1969 2166 quodam
2012 2099 2047 2138 e
2092 2075 2444 2154 majoribus
2478 2073 2616 2153 ejus

479 2195 796 2261 tractum,
831 2203 1090 2244 necesse
1116 2196 1240 2260 est,
1277 2183 1508 2244 Festus
1531 2180 1635 2242 ille
1664 2181 1860 2242 fuerit
1892 2203 1927 2242 e
1962 2179 2161 2241 Caesia
2194 2197 2405 2271 gente.
2434 2183 2520 2244 At
2546 2179 2613 2240 in

483 2301 678 2375 gente
698 2285 1052 2349 Caesiorum
1075 2333 1092 2367 ,
1124 2301 1408 2371 quorum
1437 2284 1739 2347 omnium
1768 2281 2111 2348 memorias
2146 2283 2345 2367 eruit,
2387 2301 2452 2349 et
2478 2307 2617 2349 ma-

482 2408 613 2482 gno
659 2391 992 2455 volumine
1035 2388 1376 2479 explicavit
1413 2384 1742 2477 Jo.''Bapt.
1786 2382 2097 2455 Fonteius
2126 2390 2258 2480 (2),
2314 2406 2378 2455 et
2410 2392 2615 2455 Julius

481 2496 872 2563 Jacobonius
919 2494 986 2558 in
1031 2492 1329 2583 Append.
1359 2492 1440 2559 ad
1477 2491 1859 2577 Fonteium,
1896 2513 2031 2560 non
2060 2517 2139 2559 ea
2177 2495 2489 2585 adparent
2515 2511 2620 2561 co-

481 2600 826 2691 gnomina,
857 2621 1001 2687 quae
1047 2599 1318 2679 majores
1362 2596 1537 2663 Festi
1583 2598 1811 2665 Avieni
1860 2600 2138 2665 doceant
2173 2600 2344 2665 inter
2373 2601 2614 2665 'Caesios

478 2706 699 2771 fuisse.
735 2707 878 2771 Una
919 2720 1018 2770 est
1053 2705 1326 2771 cAEslA
1357 2706 1621 2771 FESTA
1657 2706 1833 2796 apud
1858 2706 2205 2771 Fonteium
2226 2756 2243 2789 ,
2272 2723 2419 2797 pag.
2450 2708 2572 2772 186
2597 2756 2615 2788 ,
2681 2790 2690 2800 .

482 2830 548 2878 et
576 2811 752 2901 apud
789 2811 1047 2877 Gruter.
1081 2832 1226 2901 pag.
1257 2812 1419 2901 674,
1463 2832 1532 2877 n.
1570 2834 1626 2897 1,
1660 2810 1823 2901 675,
1860 2828 1927 2877 n.
1956 2810 2015 2895 5,
2053 2835 2198 2900 quae
2230 2802 2362 2875 huc
2393 2814 2615 2877 referri

481 2921 721 3008 possit,
762 2941 974 3005 neque
1006 2936 1222 2982 tamen
1263 2918 1344 2981 ad
1378 2942 1515 2983 rem
1542 2917 2054 2982 confirmandam
2088 2916 2329 2980 sufficit
2350 2964 2368 2996 ,
2410 2940 2617 3003 quum

477 3026 834 3116 praesertim
870 3040 1017 3087 aetas
1067 3026 1204 3103 ejus
1250 3025 1603 3113 ignoretur.
1652 3026 1736 3089 Et
1770 3044 1994 3087 versus
2038 3022 2449 3085 monumenti
2492 3021 2622 3083 hoc

479 3130 838 3223 significare
869 3128 1153 3211 videtur,
1199 3132 1454 3215 Aquam
1496 3130 1763 3191 Caesiam
1801 3126 1979 3191 aliud
2024 3142 2091 3189 et
2138 3126 2461 3214 singulare
2499 3146 2621 3186 no·
2671 3188 2680 3197 ⁶

485 3262 632 3303 men
664 3262 698 3302 a
728 3238 956 3317 Festo,
985 3236 1084 3299 vel
1100 3235 1352 3299 Avieno
1380 3234 1717 3321 accepisse.
1747 3231 2099 3295 Enimvero
2126 3232 2324 3295 fontis
2352 3232 2619 3312 alicujus

481 3344 586 3405 vel
610 3346 811 3429 Aquae
834 3342 1046 3407 Caesiae
1064 3389 1082 3422 ,
1113 3338 1474 3425 antiquitus
1506 3338 1866 3419 celebratae,
1900 3336 2215 3402 indicium
2252 3338 2419 3403 facit
2441 3338 2619 3402 Mar-

485 3446 841 3527 tialis,.li.b.
881 3448 1012 3528 IX,
1061 3447 1260 3535 epigr.
1305 3443 1423 3531 59,
1459 3444 1577 3531 qui
1626 3444 1902 3507 Caesium
1944 3443 2257 3509 Sabinum
2302 3452 2621 3507 memorat

485 3552 688 3633 fonti,
723 3574 840 3616 sen
877 3554 1196 3641 Nymphae
1229 3552 1461 3629 fontiS‚
1504 3552 1814 3639 templum
1850 3564 2256 3617 consecrasse
2291 3554 2356 3615 in
2398 3549 2619 3616 muni-

485 3660 655 3748 cipio
691 3658 977 3722 Umbriae
1014 3660 1263 3723 Sarsina
1295 3684 1309 3724 :

731 3788 978 3863 Nympha
1004 3790 1139 3842 sacri
1165 3791 1346 3861 regina
1375 3792 1551 3857 lacus,
1577 3789 1666 3843 cni
1692 3802 1840 3861 grata
1866 3791 2092 3845 Sabinus
2108 3832 2122 3854 ,

799 3878 868 3931 Et
893 3896 1138 3931 mansura
1166 3877 1258 3951 pio
1284 3896 1506 3933 munere
1530 3878 1719 3951 templa
1748 3878 1929 3943 dedit;

551 4041 630 4108 (1)
663 4040 785 4093 vita
805 4040 976 4111 Apoll.
999 4040 1090 4092 lib.
1113 4038 1252 4105 v11-,
1273 4050 1391 4111 cap.
1417 4046 1496 4093 16.

555 4130 631 4195 (π)
668 4127 744 4177 Βι-
771 4128 934 4197 prisca
953 4127 1251 4181 *caim-nm
1277 4141 1458 4199 gente.
1485 4130 1683 4180 Bonon.
1712 4128 1845 4179 1⁶83
1864 4168 1877 4189 ,
1916 4128 2002 4177 fol.
