2996 4685
774 374 1174 442 ARATEA
1227 370 1911 441 PHAENOMENA.

2270 366 2406 440 585

382 500 846 591 Quemquam
886 495 1184 590 signiferi
1222 494 1526 590 graditur
1569 493 1667 563 sol
1701 518 1940 563 aureus
1979 492 2206 563 orbem
2230 548 2248 579 ,

384 605 655 702 Singula
695 606 1069 704 frugiparos
1110 602 1443 675 adtollunt
1480 619 1779 699 tempora
1808 603 2052 675 vultus,

485 716 673 786 Illius
706 720 979 787 Oceano
1014 729 1339 811 quantum
1374 713 1826 809 submergitur
1855 713 2029 800 alto,
2314 739 2409 781 10⁵⁵

393 831 685 896 Tantum
722 825 979 896 telluris
1016 826 1483 921 supereminet.
1513 823 1846 893 Omnibus
1875 826 1996 894 iste

387 934 712 1006 Noctibus
752 933 1029 1005 illabens
1064 933 1304 1030 pelago
1340 960 1453 1005 sex
1488 934 1724 1004 inserit
1747 948 1952 1022 astra,

387 1048 517 1114 Sex
545 1060 832 1140 reparat.
860 1048 1078 1115 Tanto
1114 1068 1253 1115 nox
1290 1043 1567 1114 humida
1603 1057 1900 1138 tempore
1937 1067 2196 1137 semper

395 1154 745 1239 Tenditur,
790 1154 1100 1225 extulerit
1142 1170 1469 1248 quantum
1515 1180 1584 1224 se
1628 1152 1916 1224 circulus
1953 1152 2170 1223 undis.

486 1268 574 1334 At
610 1266 665 1334 si
702 1266 871 1335 scire
898 1264 1059 1335 velis
1078 1318 1097 1351 ‚
1126 1288 1317 1335 mora
1346 1264 1559 1336 lucem
1600 1279 1849 1359 quanta
1885 1278 2209 1348 retentet,
2315 1280 2412 1323 1060

392 1377 479 1443 Et
513 1389 769 1469 quanto
804 1398 939 1443 nox
978 1390 1121 1444 atra
1158 1374 1285 1444 sibi
1320 1375 1546 1443 trahat
1579 1375 1714 1444 otia
1753 1373 1942 1468 lapsu
1964 1427 1983 1461 ‚

396 1486 565 1573 Quae
607 1484 842 1579 procul
871 1488 1143 1555 Oceano
1180 1500 1595 1581 consurgunt
1633 1487 1823 1581 signa
1865 1498 2130 1567 notate,

396 1598 655 1663 Horum
676 1619 937 1689 semper
970 1596 1149 1664 enim
1180 1620 1401 1665 comes
1430 1610 1532 1665 cst
1557 1597 1863 1666 Titanius
1887 1595 2030 1663 uni.

398 1708 655 1773 Horum
695 1703 911 1798 prima
948 1704 1158 1775 oculis
1200 1730 1456 1773 memor
1488 1703 1890 1774 incunabula
1914 1728 2164 1799 quaere3

395 1810 701 1882 Luminis
742 1812 883 1906 ipsa
924 1815 1076 1909 vagi
1112 1828 1387 1907 captans
1412 1815 1760 1885 venatibus
1786 1815 1964 1909 ipsa3

2315 1835 2414 1872 1065

391 1924 545 2015 Ipsa
581 1934 821 1989 notans
868 1922 1143 1992 mund0.
1178 1924 1349 2012 Quae
1384 1924 1441 1992 si
1480 1947 1550 1993 se
1597 1922 1886 1993 nubibus
1921 1922 2204 2008 abdent‚

394 2034 529 2100 Aut
572 2030 627 2098 si
668 2054 806 2098 non
836 2045 1150 2125 surgent,
1180 2047 1257 2100 ut
1294 2030 1491 2101 tellus
1527 2058 1698 2129 saepe
1737 2034 2080 2116 tumescit,

393 2138 747 2210 Occultata
768 2140 937 2236 jugo
968 2156 1421 2237 praetentaque
1458 2168 1626 2237 rupe
1661 2142 1961 2213 latebunt
1981 2196 2000 2229 ‚

395 2252 714 2344 Prompta
736 2250 842 2319 via
874 2264 1005 2335 est,
1022 2248 1169 2320 aliis
1184 2250 1570 2321 venientum
1598 2267 1899 2348 tempora
1925 2252 2132 2346 signis

398 2359 710 2429 Noscere.
743 2361 1057 2455 Namque
1098 2361 1245 2456 ipso
1286 2361 1713 2457 deprenderis
1755 2363 1974 2432 indice
2010 2375 2252 2431 cuncta
2327 2399 2428 2436 ιντο

366 2473 703 2557 ‘Ocean0‚
735 2493 1045 2563 magnam
1082 2471 1201 2566 qui
1236 2471 1811 2566 circumplectitur
1847 2471 2044 2540 undis

398 2577 765 2660 Tellurem,
787 2595 1021 2648 curvet
1052 2579 1331 2648 celando
1370 2596 1446 2648 ut
1476 2578 1676 2649 litora
1713 2580 2005 2667 mundo,

400 2687 631 2759 Latius
664 2699 863 2780 atque
902 2688 1052 2755 sinu
1089 2687 1299 2780 patuli
1336 2688 1487 2758 salis
1530 2690 1792 2759 hauriat
1821 2707 2020 2759 astra.

399 2795 599 2863 Istius
633 2791 955 2862 indicium
990 2793 1381 2887 praebebunt
1418 2820 1672 2866 cornua
1707 2822 1987 2892 semper,

386 3032 537 3087 1053.
568 3039 719 3100 Quem
748 3057 895 3104 quum
922 3041 1139 3108 signiferi
1158 3042 1329 3108 gradi·

314 3125 392 3161 tm·
411 3115 490 3163 501
508 3133 685 3166 aureus
710 3120 889 3170 orbem.
916 3117 1197 3189 Pel-peram
1218 3119 1329 3172 vnl-

315 3207 411 3261 go:
440 3217 465 3238 a
484 3193 618 3258 Qua
638 3213 806 3265 quum
818 3221 862 3249 υ.

390 3274 539 3335 1064.
564 3278 747 3324 Horum
772 3277 941 3341 prima
972 3279 1123 3328 oculis
1148 3297 1331 3329 memor

318 3350 611 3402 incunabula
644 3371 827 3419 quere.
865 3354 972 3406 Suo
1006 3371 1155 3408 more
1184 3353 1325 3408 idem

317 3427 476 3480 variis
509 3427 725 3481 vocibus
752 3430 997 3501 exprimit
1014 3433 1249 3487 Avienus
1276 3447 1328 3488 et

318 3507 654 3581 ταυτολογίζιι.
688 3507 827 3562 Male
869 3509 1022 3578 vulgo
1055 3509 1330 3583 distingui-

320 3597 436 3639 tur:
470 3611 493 3634 ‹-
512 3587 717 3640 Horum
742 3586 909 3659 prima
938 3587 1105 3642 oculis
1127 3607 1331 3642 memor

1414 3027 1578 3092 ὕων-α’
1601 3039 1810 3090 Mundo.
1863 3035 1948 3087 Ita
1985 3031 2170 3086 maluit
2203 3032 2436 3090 Grotius.

1415 3117 1602 3172 Avien.
1637 3115 1838 3186 Perieg.
1883 3131 1956 3166 vs.
1997 3110 2100 3181 95:
2141 3135 2164 3158 ι
2191 3112 2306 3164 loca
2339 3113 2437 3166 cir-

1415 3195 1788 3268 cumplectitur
1845 3204 1972 3272 astu
2001 3217 2053 3244 ο.
2112 3191 2268 3245 Couf.
2307 3191 2436 3244 ibid.

1414 3295 1491 3330 vs.
1533 3293 1684 3329 1202.
1725 3273 1950 3342 Vulgo:
1995 3287 2291 3342 «magnum
2329 3288 2438 3342 qua

1415 3351 1950 3424 circumamplectitm·
1973 3348 2130 3401 undis
2147 3347 2438 3413 Tellurem,

1416 3443 1601 3486 curvet
1633 3428 1856 3484 celando
1889 3440 1947 3480 ut
1977 3427 2134 3480 litora
2173 3426 2376 3480 mundo
2397 3453 2441 3481 o.

1414 3511 1618 3562 Tuetur
1637 3509 1908 3578 vulgatam
1945 3505 2222 3559 lectionem
2247 3505 2438 3559 Schra-

1416 3587 1575 3642 derun
1592 3629 1610 3654 ,
1644 3587 1898 3660 quoniam
1945 3584 2105 3638 etiam
2150 3586 2440 3639 circumam-

320 3664 641 3742 incunabula
681 3684 857 3739 quare
904 3667 1141 3721 Luminis
1184 3669 1292 3740 ipsa
1310 3707 1329 3736 ,
1411 3671 1561 3737 plecte*
1574 3665 1895 3730 inveniatur,
1919 3665 2012 3717 ubi
2029 3661 2208 3716 divisis
2225 3663 2448 3718 vocibus

320 3746 438 3814 vagi
476 3757 695 3816 captans
729 3747 1006 3800 venatibus
1038 3745 1151 3817 ipsa
1170 3785 1185 3814 ,
1216 3747 1333 3818 Ipsa

322 3835 509 3876 notans
530 3825 733 3878 mundo
752 3849 796 3878 υ.

396 3905 547 3972 1067.
581 3909 681 3954 Aut
702 3907 865 3956 sinon
888 3919 1101 3974 surgent.
1124 3905 1303 3976 Vulgo
1318 3923 1335 3958 ε

337 3980 474 4031 «Aut
496 3978 539 4032 si
562 3993 945 4052 consurgunt»,
966 3983 1119 4035 male.

398 4075 547 4129 1071.
570 4064 807 4128 Magnam
833 4063 920 4129 qui
941 4065 1342 4129 circumplectitur

328 4141 468 4191 nudis
512 4143 747 4192 Tellurem
762 4177 779 4201 ,
818 4155 981 4194 curvet
1032 4145 1243 4194 celando
1288 4155 1342 4191 m

1422 3745 1624 3819 aliquid
1646 3742 2176 3818 interponiturNisg.
2198 3743 2313 3796 Ecl.
2334 3743 2448 3811 111,

1422 3845 1501 3880 vs.
1524 3825 1622 3889 45:
1654 3850 1676 3870 ·
1693 3825 1760 3878 Et
1787 3823 1936 3876 molli
1961 3823 2162 3878 circum
2189 3835 2268 3875 est
2295 3841 2450 3876 ansas

1423 3904 1700 3976 amplexus
1717 3903 1950 3958 acantho
1968 3928 2012 3954 ι.
2031 3901 2215 3955 Manil.
2235 3902 2286 3968 1,
2301 3902 2400 3960 305
2428 3920 2442 3954 ε

1426 3983 1575 4035 «Has
1597 3983 1890 4037 interfusus
1915 3983 2224 4053 circumque
2249 3981 2450 4052 ample-

1426 4079 1524 4116 xus
1549 4075 1828 4134 utramque
1849 4089 1891 4114 a.
1933 4065 2172 4114 Mundum
2203 4069 2354 4113 vocat
2374 4060 2448 4110 A·

1427 4141 1616 4195 vienus
1649 4159 1758 4195 non
1799 4143 1987 4195 colum
2008 4179 2022 4204 ‚
2061 4153 2120 4193 ut
2148 4156 2284 4212 sepe
2303 4177 2319 4203 ,
2357 4136 2448 4190 sed
