2996 4685
421 369 559 443 380
707 373 912 441 EXC.
955 375 1050 442 IV
1100 375 1227 442 AD
1278 376 1597 445 DESCR.
1649 379 1915 448 ORBIS
1962 379 2301 448 TERRAE.

413 494 684 558 Heinsio
725 491 1073 580 aliquando
1105 493 1313 558 visum
1367 511 1466 558 est
1514 495 1708 559 scribi
1757 495 1995 563 debere
2050 495 2398 586 Cultaque)
2430 521 2551 565 nec

415 616 550 658 non
602 593 672 656 in
717 593 921 657 Statio
953 593 1192 680 (verius
1224 595 1434 660 Saleio
1465 595 1689 681 Basso)
1714 595 1798 662 de
1830 598 1999 664 laud.
2038 599 2434 683 Pisoniana
2468 603 2547 666 8:

415 725 440 750 α
459 695 628 759 Nam
669 692 828 783 quid
871 694 1266 785 imaginibus
1287 743 1306 777 ,
1333 695 1496 783 quid
1530 697 1715 761 avitis
1756 699 1919 764 fulta
1954 699 2302 787 triumphis
2330 701 2505 765 Atria
2529 749 2548 780 ,

414 795 571 885 quid
619 796 795 885 pleni
844 818 1196 862 numeroso
1241 797 1513 861 consule
1558 799 1706 864 fasti
1738 799 2142 881 Profuerint,
2170 799 2280 863 cui
2301 799 2429 863 vita
2458 801 2551 865 la-

414 897 964 962 bat?»consentit
1001 898 1296 980 Cortius,
1337 899 1486 986 qui:
1520 901 1691 964 forte
1724 902 1917 964 culta.
1950 901 2241 966 Similem
2286 900 2551 968 medici-

417 1022 566 1064 nam
609 997 994 1064 Gebhardus
1041 998 1196 1064 feeit
1235 999 1478 1082 Statio,
1504 999 1711 1064 Theb.
1748 1002 1813 1082 Ι,
1848 1005 1969 1080 144
1990 1049 2010 1083 ,
2038 999 2371 1066 fastidiose
2402 1002 2551 1090 qui·-

414 1099 566 1164 dem
599 1099 926 1179 rejiciente
957 1100 1160 1164 Gron.
1201 1101 1406 1167 Diatr.
1441 1101 1605 1166 Stat.
1638 1125 1695 1167 c.
1735 1101 1853 1184 55,
1898 1125 1961 1190 p.
2008 1102 2157 1190 357.
2204 1100 2333 1167 Sed
2366 1103 2549 1183 cujus

413 1223 602 1265 aures
627 1200 796 1266 ferre
810 1203 1068 1291 possint
1072 1202 1270 1288 fulta
1307 1219 1372 1268 et
1403 1201 1645 1290 effulta
1678 1220 1811 1268 tam
1844 1204 1967 1269 sibi
1999 1204 2276 1268 invicem
2304 1205 2551 1269 vicina?

415 1303 760 1391 Vulgatam
812 1321 1029 1368 tamen
1075 1305 1258 1369 Statii
1303 1306 1649 1370 lectionem
1700 1321 1925 1370 tuetur
1960 1304 2275 1370 Prudent.
2328 1323 2553 1371 contra

415 1405 662 1492 Symm.
706 1406 800 1487 11,
827 1405 993 1494 837:
1020 1407 1261 1496 «Regia
1301 1423 1629 1496 gemmato
1664 1409 1985 1495 laquearia
2016 1407 2191 1471 fulva
2228 1406 2485 1472 metallo
2502 1439 2549 1472 κ.

417 1507 928 1572 scnn.--Nolim
951 1531 1074 1598 ego
1096 1509 1422 1598 vulgatam
1443 1510 1791 1574 lectionem
1804 1558 1823 1590 ,
1837 1511 2021 1573 Auro
2021 1507 2219 1598 fialta
2235 1509 2429 1599 gravi
2444 1509 2555 1573 de-

417 1631 663 1691 serere,
691 1628 808 1675 aut
837 1611 904 1675 in
942 1612 1080 1674 aliis
1112 1611 1272 1675 locis
1308 1628 1646 1700 poetarum
1668 1659 1687 1694 ,
1715 1633 1859 1699 quae
1885 1609 2084 1698 fulta
2133 1610 2380 1676 habent
2402 1659 2419 1692 ,
2456 1627 2555 1674 te·-

421 1732 598 1776 mere
646 1712 715 1777 id
763 1730 1014 1778 mutare
1062 1714 1128 1778 in
1175 1713 1372 1778 culta.
1422 1714 1633 1777 Facile
1678 1730 1775 1777 est
1816 1713 2213 1801 infrequenti
2240 1711 2557 1777 vocabulo

422 1815 642 1880 notius
675 1816 1107 1897 substituere,
1135 1831 1201 1880 at
1231 1816 1565 1897 librarios,
1600 1837 1733 1879 non
1768 1815 2071 1880 credibile
2103 1829 2233 1898 est,
2258 1814 2557 1879 usitatam

422 1932 490 1979 et
523 1914 781 2012 obviam
809 1941 1036 1983 vocem
1068 1917 1291 1982 culta
1273 1940 1342 1981 1n
1376 1918 1688 1982 rariorem
1719 1915 2386 2005 lectioremquefitlta
2418 1937 2561 1979 cor-

425 2007 693 2107 rupisse.
726 2020 1010 2084 Avienus
1042 2020 1253 2084 verbis
1289 2019 1591 2111 Dionysii
1624 2041 1983 2106 numquam
2021 2017 2461 2107 adstringitur,
2495 2033 2561 2080 et

425 2143 540 2184 sua
563 2121 686 2184 sibi
711 2122 926 2187 habet.
949 2121 1275 2186 Videntur
1278 2145 1427 2210 qm
1411 2120 1629 2206 ficlta
1652 2119 1991 2209 profligare
2014 2121 2268 2200 volunt,
2288 2119 2562 2183 notione

426 2223 673 2312 vulgari
723 2223 904 2288 verbi
931 2222 1277 2311 fulcire,‘
1259 2248 1300 2287 1.
1353 2247 1408 2286 e.
1463 2223 1814 2303 sustinere,
1860 2219 2107 2286 offendi
2126 2269 2143 2302 ,
2180 2235 2256 2284 ut
2285 2235 2521 2308 putent
2540 2267 2560 2300 ,

431 2325 664 2411 templa
684 2372 702 2404 ,
733 2323 1056 2413 laquearia
1087 2347 1247 2389 auro
1259 2321 1456 2413 ficlta
1488 2321 1615 2389 dici
1634 2374 1653 2407 ,
1684 2323 1754 2389 id
1790 2347 2057 2389 enorme
2092 2338 2157 2387 et
2186 2321 2561 2387 incredibile

429 2446 586 2488 esse.
645 2424 772 2489 Sed
815 2426 956 2515 ipse
999 2448 1156 2491 usus
1199 2426 1338 2506 ejus
1366 2426 1547 2490 verbi
1592 2426 1659 2488 in
1706 2426 1845 2514 pari
1886 2423 2151 2488 materia
2196 2446 2331 2487 non
2380 2444 2562 2487 rarus

429 2526 672 2613 poscit,
703 2542 781 2590 ut
792 2524 1053 2613 fitltum
1084 2529 1212 2592 alio
1243 2550 1440 2591 sensu
1469 2526 1861 2615 accipiamus
1879 2574 1897 2607 ,
1925 2526 2009 2590 de
2050 2547 2260 2589 crasse
2304 2524 2561 2590 confer·

429 2625 679 2712 timque
705 2627 855 2709 lito,
885 2626 1172 2710 subfixo,
1201 2628 1434 2716 stipato
1465 2645 1581 2692 aut
1612 2627 1933 2710 obducto,
1956 2626 2291 2717 quomodo
2326 2643 2391 2689 et
2422 2626 2563 2690 sub·

429 2728 627 2790 nixus
679 2742 846 2792 ostro
857 2777 877 2809 ,
907 2729 972 2793 h.
1021 2752 1074 2793 e.
1125 2728 1427 2811 indutuS,
1452 2729 1713 2810 dicitur,
1763 2728 1921 2793 item
1965 2730 2234 2793 satiatus
2265 2750 2461 2800 auro,
2492 2742 2565 2790 ut

429 2828 498 2891 in
533 2829 661 2895 hoc
695 2832 912 2914 Statii,
949 2832 1098 2897 silv.
1135 2834 1204 2914 l,
1241 2854 1308 2911 2,
1345 2832 1505 2911 153,
1530 2828 1873 2895 «Pendent
1914 2829 2274 2893 innumeris
2318 2827 2565 2917 fastigia

433 2931 582 2993 nixa
617 2932 938 2998 columnis
958 2981 977 3015 ,
1004 2934 1260 2999 Robora
1311 2932 1672 2998 Dalmatico
1719 2933 1943 2995 lucent
1986 2932 2205 2996 satiata
2243 2932 2562 2995 metallo».

431 3033 820 3100 conferatur
843 3036 1116 3100 omnino
1131 3084 1149 3116 ,
1170 3036 1282 3123 qui
1304 3034 1601 3125 pluribus
1622 3033 1782 3098 locis
1806 3034 1946 3097 haec
1968 3032 2307 3097 illustravit
2324 3080 2342 3113 ,
2360 3030 2561 3096 Gron.

432 3134 578 3199 loco
609 3136 822 3201 citato.
852 3137 956 3199 W.
979 3174 1062 3184 ——
1090 3140 1266 3199 Auro
1292 3134 1488 3223 sulm
1530 3139 1723 3223 gra-vi
1766 3136 1943 3198 niveo
1987 3134 2319 3199 radiantia
2366 3134 2563 3197 dente.

433 3238 716 3301 Avienus
773 3240 839 3300 in
889 3252 1126 3301 ornatu
1173 3237 1394 3327 templi
1447 3236 1876 3301 describendo
1912 3236 2157 3326 aliquid
2196 3233 2443 3301 addidit
2484 3232 2567 3297 de

431 3361 581 3420 suo,
609 3362 808 3428 quam
836 3362 1018 3421 vere,
1043 3340 1280 3404 nescio.
1313 3338 1441 3403 Sed
1475 3338 1640 3403 ebur
1672 3355 1738 3403 et
1768 3360 2002 3402 aurum
2036 3336 2265 3400 millies
2296 3360 2332 3400 a
2361 3334 2567 3422 poetis

433 3441 878 3529 conjungitur,
907 3458 985 3506 ut
1019 3442 1290 3529 Dionys.
1345 3442 1508 3507 1008
1530 3490 1547 3523 ,
1568 3440 1818 3505 Avieno
1846 3439 1989 3528 ipso
2011 3462 2101 3501 vs.
2136 3460 2342 3519 12003
2368 3436 2562 3499 Prisc.

433 3540 586 3626 933.
605 3540 754 3605 Vid.
781 3560 1088 3630 praeterea
1117 3543 1410 3608 Bochart.
1445 3541 1531 3606 de
1564 3541 1839 3605 Animal.
1872 3541 2099 3627 Script.
2135 3541 2273 3603 Sac.
2310 3561 2373 3626 p.
2407 3536 2567 3619 2523

434 3642 624 3729 Apul.
658 3642 742 3706 de
765 3643 1050 3719 Mundo,
1079 3668 1143 3733 p.
1175 3642 1309 3732 739
1326 3667 1343 3725 3
1382 3642 1712 3707 Chariton.
1737 3665 1801 3730 p.
1834 3645 1990 3725 1403
2013 3640 2278 3706 Marelil.
2307 3638 2387 3703 ad
2410 3638 2566 3702 Stat.

435 3766 498 3829 p.
527 3742 673 3809 255.
700 3744 1045 3834 Epitheton
1073 3750 1250 3809 niveo
1270 3746 1454 3809 dente
1482 3744 1767 3808 Avienus
1795 3744 1930 3807 huc
1966 3742 2291 3807 transtulit
2316 3763 2351 3803 e
2376 3740 2567 3803 Dion.

437 3868 496 3907 v.
537 3868 699 3932 ¹¹¹7
727 3870 740 3910 :
769 3846 1070 3911 illustrari
1117 3864 1334 3911 autem
1379 3860 1596 3933 potest
1642 3866 1716 3908 ex
1764 3844 1954 3923 Silio,
2000 3843 2130 3921 lx,
2180 3841 2339 3921 582,
2380 3840 2569 3915 XVI,

439 3948 598 4027 2063
631 3951 866 4014 Lucan.
905 3950 1000 4027 X,
1041 3952 1192 4029 1443
1223 3970 1416 4035 quem
1453 3949 1671 4011 locum
1711 3947 1877 4010 male
1908 3945 2232 4009 Bentleius
2272 3941 2565 4006 tentavit.

439 4054 630 4117 Scan.
2364 4058 2371 4067 ·
