2996 4685
601 400 774 489 612·
1354 408 1434 471 R.
1488 407 1562 471 F.
1611 406 1970 475 AVIENI

698 527 927 615 Quum
949 527 1086 595 ruit
1103 578 1123 611 ,
1150 526 1456 620 opposita
1484 526 1742 595 vultum
1773 525 2058 621 caligine
2091 521 2351 597 condit:

695 636 1029 707 Omnibus
1068 635 1173 705 his
1204 636 1411 731 signis
1450 638 1522 705 in
1565 651 1806 706 terram
1842 636 2080 705 defluit
2113 637 2326 705 imber

694 745 1048 816 Plurimus.
1088 746 1442 818 Interdum
1486 750 1706 817 tenuis
1740 762 2132 844 praevertere
2175 748 2386 817 nubes

697 857 858 926 Visa
893 860 1139 928 Deum.
1186 862 1345 927 Haec
1384 858 1584 928 celeri
1620 860 1676 927 si
1720 859 2214 954 prmurrexerit
2249 874 2408 928 ortu
2427 912 2448 943 ‚

693 968 978 1062 Ipseque
1006 994 1181 1063 pone
1222 993 1506 1063 sequens
1543 969 1884 1038 radiorum
1919 965 2064 1037 luce
2103 992 2332 1037 carere

695 1080 1052 1163 Cernatur,
1082 1079 1329 1147 nimbis
1355 1080 1738 1174 ingentibus
1769 1102 1927 1149 arva
1957 1078 2346 1148 madebunt.

694 1192 785 1256 At
812 1189 1121 1257 matutini
1146 1190 1205 1257 si
1232 1188 1558 1259 Phoebum
1605 1188 1820 1259 litoris
1861 1202 2010 1259 acta

694 1299 1022 1392 Majorem
1056 1297 1251 1369 solito
1288 1298 1682 1393 produxerit
1697 1352 1716 1385 ,
1743 1313 1946 1392 atque
1973 1322 2096 1392 per
2129 1298 2404 1367 aethram

692 1410 1023 1479 Marcenti
1060 1396 1294 1478 similis
1336 1408 1694 1485 defluxerit
1727 1410 2012 1479 extimus
2049 1408 2266 1496 orbis,

695 1516 851 1586 Alta
888 1517 1129 1589 dehinc
1160 1518 1483 1587 scandens
1517 1519 1782 1588 minuat
1808 1518 2009 1613 jubar
2041 1517 2400 1612 igniferum
2427 1514 2584 1601 Sol,

698 1630 871 1696 Pura
904 1652 1133 1697 serena
1162 1628 1478 1714 aderunt;
1511 1652 1798 1722 namque
1827 1625 1943 1697 olli
1981 1628 2266 1723 gurgitis
2292 1651 2408 1696 aer

694 1739 999 1807 Crassior
1030 1739 1100 1806 in
1138 1737 1475 1808 modicum
1517 1763 1797 1833 surgens
1833 1737 2184 1808 diffuderit
2217 1738 2486 1823 orbem3

694 1851 780 1917 Et
814 1848 953 1942 jam
990 1874 1060 1918 se
1105 1864 1333 1918 tenero
1376 1846 1727 1919 sustollens
1763 1850 2032 1919 tramite
2071 1846 2214 1919 caeli

696 1958 1001 2035 Oblitum
1032 1958 1193 2053 justi
1216 1960 1419 2053 jubar
1444 1958 1760 2028 adtrahit.
1787 1959 1916 2028 Hic
1933 1981 2202 2052 quoque
2225 1957 2484 2051 magnis

694 2072 927 2160 Quum
957 2068 1321 2139 madefacta
1353 2069 1490 2139 dies
1516 2070 1641 2139 suh
1675 2068 2184 2163 tempestatibus
2209 2065 2438 2135 horret
2461 2118 2481 2149 ,

694 2179 985 2250 Pallidus
1016 2206 1133 2250 ora
1166 2180 1407 2250 cadens
1428 2236 1449 2267 ‚
1478 2182 1812 2275 promittit
1843 2205 2011 2275 pura
2049 2204 2314 2264 serena3

694 2290 1027 2386 Displosis
1060 2294 1305 2361 etenim
1338 2317 1457 2386 per
1484 2306 1783 2387 apertam
1815 2290 2106 2361 nubibus
2133 2289 2410 2359 aethram

692 2403 832 2468 Ora
868 2399 1197 2468 laboranti
1235 2391 1463 2471 similis
1503 2401 1888 2497 languentia
1929 2400 2178 2496 pallet;

692 2511 779 2576 Et
806 2507 1229 2606 disjectarum
1256 2509 1465 2580 moles
1503 2512 1632 2580 late
1670 2511 2064 2581 nebularum

688 2617 951 2688 Indicat
980 2620 1190 2687 exsuti
1230 2619 1463 2690 faciem
1503 2621 1862 2698 clarescere
1885 2623 2139 2692 mundi.

691 2730 877 2819 Quin
916 2745 1231 2798 nascente
1268 2731 1376 2800 die
1405 2748 1722 2802 venturos
1751 2735 2067 2802 convenit
2103 2733 2348 2801 imbres
2499 2783 2512 2794 .
2665 2769 2740 2805 ηε

690 2843 1017 2921 Noscere,
1044 2865 1251 2935 quum
1290 2844 1485 2934 proni
1526 2843 1759 2935 procul
1799 2843 1883 2911 ad
1925 2841 2216 2911 confinia
2260 2839 2400 2911 caeli

696 2949 960 3018 Deferri
1004 2951 1195 3046 piceo
1239 2950 1559 3046 spectaris
1605 2950 1834 3026 nubila
1872 2968 2132 3023 tractu:

692 3061 778 3126 Et
818 3083 1028 3152 quum
1072 3060 1410 3154 declinant
1453 3060 1620 3131 radii
1661 3087 1731 3131 se
1773 3078 2027 3156 partem
2071 3064 2142 3130 in
2179 3076 2536 3154 utramque
2561 3113 2582 3146 ‚

690 3171 890 3238 Lucis
934 3171 1000 3238 in
1045 3195 1322 3260 occasu,
1363 3197 1497 3242 nox
1541 3188 1618 3242 ut
1661 3173 1828 3242 ferat
1864 3171 2086 3268 algida
2133 3195 2354 3252 rores,

690 3281 915 3350 Imber
940 3282 1086 3350 erit.
1120 3285 1331 3352 Puras
1359 3285 1413 3352 si
1441 3283 1736 3354 Phoebus
1769 3283 2014 3353 condat
2041 3283 2372 3366 habenas,
2665 3306 2742 3354 ²9⁵

664 3491 783 3556 273.
822 3495 944 3542 Hoec
979 3494 1125 3542 celeri
1165 3494 1209 3542 si
1241 3497 1616 3561 proesurrexerit
1705 3505 1757 3544 et
1803 3513 1879 3546 vs.
1935 3511 2041 3564 seq.
2099 3495 2360 3544 sustollent
2377 3528 2391 3548 ,
2439 3499 2744 3559 utrumqne

592 3585 725 3630 orm,
742 3588 806 3622 ex
824 3569 995 3623 Grotii
1012 3571 1580 3643 emendatione.Vulgo
1601 3591 1614 3622 :
1705 3573 1856 3626 male.
1888 3573 1992 3625 En.

594 3649 743 3701 «hac
786 3651 969 3702 celeris
1006 3651 1051 3704 si
1097 3652 1494 3724 prasurrexerit
1531 3671 1614 3703 or·
1779 3653 1878 3706 283
1900 3694 1914 3718 ,
1958 3651 2074 3714 284.
2115 3652 2372 3702 Adtrahit.
2409 3651 2508 3699 Hic
2537 3665 2744 3714 quoqne

592 3740 706 3779 tum
726 3753 769 3779 n.
1012 3764 1015 3772 ·
1704 3735 1895 3800 magnis
1915 3737 2074 3796 Quum
2091 3731 2374 3796 madffacea
2392 3729 2512 3785 dies,
2531 3737 2637 3778 etc.
2657 3727 2742 3778 Ita

668 3809 793 3876 276,
812 3825 930 3877 ²77·
949 3814 1019 3859 At
1033 3825 1152 3862 mac.
1166 3812 1441 3860 siPha-bum
1458 3813 1613 3860 litoris
1701 3810 1965 3881 rescripsit
1978 3821 2028 3862 et
2043 3803 2738 3878 interpunxitGrot.Vulgo:

587 3901 705 3941 acea
728 3889 969 3955 Major-em
989 3891 1131 3940 solito
1144 3891 1456 3955 produxerit.
1481 3895 1611 3938 Acta
1701 3917 1725 3936 α
1742 3889 1992 3954 adtrahit,
2006 3887 2093 3940 hic
2103 3905 2321 3959 quoque
2336 3883 2540 3956 magnis
2549 3885 2740 3948 Quu-

589 3967 649 4022 h.
671 3968 705 4019 1.
720 3977 794 4018 est
810 3964 951 4028 ἀκτὴ,
965 3985 1089 4018 casu
1110 3967 1448 4034 nominativo.
1462 3966 1608 4019 Male
1695 3969 1990 4023 madefacta
2027 3966 2116 4018 die
2161 3965 2263 4018 sub
2317 3963 2742 4034 tempestatibus.

586 4046 767 4119 itaque
812 4043 971 4114 vulgo
1014 4044 1241 4113 legitur:
1293 4069 1315 4090 ι
1344 4044 1605 4098 Phoebum
1694 4051 1876 4102 horret
1920 4045 2154 4100 Pallidus
2188 4043 2323 4096 hora
2363 4041 2564 4096 cadens
2595 4060 2740 4114 pro·

591 4125 644 4174 in
674 4122 838 4175 litoris
858 4135 974 4173 acta
995 4147 1035 4172 ²·-
1703 4129 1875 4180 mittet
1898 4144 2036 4197 pura
2059 4141 2246 4177 serena
2265 4147 2310 4174 ω.

658 4203 774 4254 281.
807 4202 1089 4268 Drffuderie,
1116 4200 1269 4253 Buhl.
1294 4205 1611 4272 defficderae,
1797 4205 1916 4274 295.
1955 4209 2006 4254 Si
2053 4205 2258 4254 Pha-bus
2293 4202 2476 4270 ,tondat
2511 4203 2744 4252 habenas
