2996 4685
546 380 639 452 30
981 384 1115 452 DE
1175 383 1816 454 CARMINIBUS
1884 381 2243 460 AVIENI.

547 515 712 595 Quoe
759 535 967 600 quum
1009 514 1194 578 facile
1239 511 1633 602 persuadent
1682 513 1906 594 nobis,
1939 529 2015 575 ut
2074 527 2309 601 praeter
2367 513 2683 577 exstantia

544 617 743 683 hodie
793 618 1076 682 earmina
1124 619 1356 683 Avieni
1404 619 1555 684 satis
1599 619 1793 708 longa
1822 670 1833 690 .
1866 619 2058 682 etiam
2106 617 2209 682 illa
2244 605 2611 704 deperdita,
2645 641 2684 682 a

545 724 770 788 Servio
823 741 1176 789 memorata
1195 773 1214 807 ,
1249 725 1498 814 Virgilii
1548 725 1792 789 fabulas
1830 740 1895 789 et
1929 724 2089 788 Livii
2123 723 2420 788 historias
2449 724 2682 790 iambis

547 851 872 917 expressas
888 879 906 911 ,
931 830 1162 895 merito
1187 832 1246 895 ei
1271 831 1472 896 tribui
1502 818 1877 896 censeamus
1894 879 1912 912 ,
1938 847 2081 896 tum
2105 854 2259 894 vero
2280 846 2501 895 vetant
2522 831 2683 896 alios

545 933 792 998 libellos
808 983 827 1016 ,
853 957 1044 1023 prosa
1065 937 1358 1000 oratione
1379 936 1513 1000 sub·
1531 937 1703 1001 Sexti
1730 935 1909 1019 Rufi,
1923 936 2027 1001 vel
2048 935 2197 1002 Rufi
2221 937 2391 1000 Festi
2414 937 2683 1001 nomine

545 1040 852 1128 scriptos,
888 1041 1042 1105 huic
1075 1057 1302 1105 nostro
1321 1091 1338 1119 ‚
1365 1057 1440 1105 ut
1473 1043 1777 1107 nonnulli
1808 1042 2103 1106 fecerunt
2122 1089 2141 1124 ,
2166 1041 2549 1106 adscribere.

634 1269 688 1332 Ι.
740 1268 962 1332 Primo
1011 1268 1158 1332 loco
1205 1291 1430 1333 eorum
1450 1317 1468 1350 ,
1512 1267 1655 1357 quae
1709 1267 1909 1332 hodie
1962 1281 2346 1356 supersunt,
2400 1289 2679 1355 operum

546 1374 775 1438 Avieni
828 1374 1058 1437 merito
1102 1375 1409 1462 ponimus
1456 1375 1899 1464 Metaphmsin
1950 1374 2414 1442 Phaenomenon
2456 1375 2677 1457 Arati,

543 1503 690 1566 quae
736 1481 1124 1567 praecipuam
1169 1480 1343 1568 apud
1367 1481 1635 1545 Veteres
1682 1480 1949 1569 gratiam
1987 1496 2053 1543 et
2089 1479 2523 1568 celebritatem
2561 1481 2680 1544 ha-

544 1585 764 1650 buisse
799 1582 1076 1665 videtur,
1110 1586 1356 1673 quippe
1391 1585 1523 1665 jam
1556 1586 1959 1672 Hieronymo
2000 1601 2349 1648 memorata
2369 1633 2386 1666 ‚
2418 1601 2517 1666 et,
2550 1587 2681 1650 nisi

543 1689 847 1771 fallimur,
889 1713 928 1752 a
949 1689 1278 1754 Prisciano
1306 1690 1410 1753 vel
1459 1690 1649 1754 tacite
1677 1689 1921 1753 Avieno
1970 1689 2381 1777 Periegeseos
2417 1691 2673 1754 auctori

543 1796 822 1878 tributa,
852 1794 1068 1884 quod,
1102 1797 1213 1882 qui
1261 1796 1649 1883 Dionysium
1694 1795 2092 1884 Periegetam
2132 1795 2333 1858 latino
2382 1795 2670 1860 carmine

538 1918 848 1983 verterat,
878 1901 1052 1966 idem
1084 1901 1432 1990 Epitomen
1466 1901 1953 1966 Phaenomenon
1972 1949 1991 1983 ,
2014 1923 2093 1964 ex
2121 1903 2312 1964 Arato
2336 1901 2631 1966 haustam
2650 1950 2669 1983 ,

539 2006 723 2094 quasi
744 2007 1064 2070 Avienum
1087 2006 1454 2070 imitaturus
1483 2005 1886 2094 conscripsit.
1909 2005 2323 2092 Quamquam
2352 2006 2481 2072 hoc
2508 2029 2675 2094 opus

537 2135 658 2199 pro
696 2110 1006 2202 dignitate
1037 2113 1402 2201 argumenti
1437 2113 1673 2176 merito
1702 2112 1927 2176 haberi
1960 2133 2079 2201 pro
2111 2112 2414 2200 primario
2442 2114 2675 2177 Avieni

536 2231 780 2304 potest,
809 2239 929 2303 pro
961 2231 1146 2280 aetate
1177 2233 1394 2280 tamen
1431 2231 1494 2278 et
1526 2232 1821 2303 tempore
1857 2217 2223 2305 scriptionis
2258 2218 2527 2282 fortasse
2561 2241 2672 2282 ex·

540 2337 853 2403 tremum,
885 2338 1000 2387 aut
1030 2323 1307 2404 caeteris,
1342 2346 1486 2410 quae
1518 2322 1867 2406 habemus,
1903 2324 2219 2411 posterius
2246 2324 2671 2406 judicandum

538 2444 654 2491 est.
695 2427 949 2515 Nempe
985 2426 1163 2491 haud
1198 2450 1364 2515 aegre
1397 2429 1731 2491 sententiae
1764 2428 1906 2493 Nic.
1943 2430 2213 2494 Antonii
2246 2430 2483 2495 accedo
2510 2479 2527 2511 ‚
2556 2432 2669 2518 qui

539 2549 728 2620 putat
748 2532 862 2619 (1),
883 2532 1203 2598 Avienum
1236 2532 1374 2597 duo
1410 2532 1851 2623 Geographica
1884 2558 2077 2623 opera
2117 2536 2331 2624 prius,
2355 2560 2552 2623 quam
2584 2536 2671 2600 ad

543 2640 804 2702 Aratum
835 2635 1203 2719 accederet,
1232 2661 1268 2703 a
1300 2660 1369 2701 se
1401 2638 1603 2721 edita,
1628 2640 1729 2703 his
1756 2641 2049 2705 versibus
2082 2640 2365 2707 indicare
2386 2642 2477 2729 (2)
2502 2666 2517 2707 :

819 2797 869 2849 O
901 2795 1034 2847 mihi
1061 2808 1186 2848 nota
1213 2795 1358 2869 adyti
1377 2796 1489 2867 jam
1518 2798 1740 2850 numina
1767 2797 2063 2866 Pammei,

817 2878 894 2946 Ο,
924 2897 1018 2951 per
1039 2880 1202 2933 multa
1228 2898 1451 2951 operum
1473 2898 1589 2934 mea
1616 2900 1823 2953 semper
1848 2901 1969 2935 cura
1985 2924 1999 2948 ,
2024 2882 2297 2938 Camenae!

817 2968 934 3020 Jam
960 2967 1129 3038 placet
1150 2968 1206 3021 in
1227 2986 1479 3040 superum
1500 2969 1639 3022 visus
1660 2970 1939 3025 sustollere
1958 2972 2167 3025 caelum.

534 3138 620 3199 Et
650 3135 967 3202 Avienum
1015 3136 1444 3203 Phaenomena
1493 3139 1750 3226 pariter,
1782 3163 1858 3205 ac
1898 3143 2181 3208 carmina
2222 3143 2663 3234 Geographica

533 3242 894 3331 scripsisse,
922 3267 1126 3331 quum
1159 3244 1308 3332 styli
1343 3246 1558 3333 plures
1585 3245 1944 3311 adfinitates
1962 3296 1979 3328 ,
2010 3265 2149 3312 tum
2177 3251 2451 3314 maxime
2475 3252 2666 3340 phra-

535 3348 702 3411 sium
745 3351 1074 3438 utrimque
1115 3349 1547 3414 adhibitamm
1594 3353 1927 3417 manifesta
1958 3356 2312 3420 similitudo
2349 3357 2660 3437 declarat,

534 3454 718 3534 cujus
751 3455 858 3520 hic
893 3480 1098 3521 unum
1133 3474 1391 3521 tantum
1427 3459 1797 3546 exemplum
1834 3482 1869 3523 e
1906 3462 2123 3526 multis
2157 3463 2293 3526 aliis
2329 3464 2659 3551 ponimus.

534 3560 820 3624 Avienus
853 3562 920 3624 in
953 3562 1287 3627 Phaenom.
1319 3564 1531 3644 Arati,
1554 3587 1615 3628 v.
1649 3565 1768 3651 76,
1803 3566 1975 3630 canit
2006 3590 2021 3631 :

819 3717 988 3787 Major
1013 3717 1114 3789 agit
1137 3731 1366 3771 mentem
1388 3719 1544 3772 solito
1566 3722 1735 3788 Deus,
1752 3722 1927 3793 ampla
1949 3728 2169 3799 patescit

813 3802 1000 3857 Cirrha
1023 3805 1152 3857 mihi
1166 3845 1181 3872 ,
1207 3819 1257 3859 et
1283 3808 1406 3861 totis
1428 3828 1484 3861 se
1510 3808 1733 3863 Helicon
1757 3809 1982 3883 inspirat
2005 3814 2072 3865 ab
2095 3814 2275 3875 antris.

604 4034 682 4101 (¹)
717 4032 850 4085 Bibl.
871 4045 976 4086 vet.
999 4034 1144 4106 Hisp.
1173 4036 1257 4101 11,
1281 4054 1344 4103 9,
1369 4055 1424 4107 p.
1455 4042 1565 4091 160.

603 4122 679 4187 (ι)
715 4120 777 4173 In
809 4119 1069 4173 Phaenom.
1094 4142 1144 4173 v.
1179 4140 1242 4192 7¹
1269 4140 1378 4193 seq.
