2996 4685
427 317 569 388 268

1170 316 1249 389 R.
1300 323 1373 390 F.
1430 323 1804 394 AVIENI

522 443 973 510 Transvexere
1016 440 1243 512 larem.
1278 446 1480 514 Juxta
1525 469 1688 539 gens
1731 467 1962 538 aspera
1999 444 2182 538 degit
2485 474 2564 526 ⁸7.

424 663 640 717 deberet
662 659 789 714 addi
820 665 940 729 Qui,
978 674 1038 714 ut
1054 660 1199 735 apud
1219 662 1441 735 Dionys.

422 745 545 802 τούς.
584 743 667 794 Sic
701 741 864 795 Prisc.
907 745 1012 797 -Et
1030 740 1123 813 qui
1135 779 1259 795 .....
1290 767 1317 788 ι·
1353 753 1445 794 aut

418 819 883 894 distinguendum:
921 848 948 869 ιι
969 820 1201 892 indeque
1226 821 1405 874 Achaei
1426 839 1442 876 ε

419 903 501 954 Ab
520 901 721 953 Xanthi
744 900 873 973 ripis
996 901 1136 954 inter
1161 901 1443 955 Cam-iere·

416 1001 512 1054 pas
554 993 607 1034 et
640 999 921 1054 scruposas
956 981 1225 1035 convalles
1250 981 1445 1034 Trans-

417 1081 607 1116 vexere
634 1061 797 1114 larem
817 1085 855 1113 ι.
890 1059 993 1115 sed
1023 1060 1068 1113 si
1092 1061 1169 1114 sic
1196 1060 1407 1133 scripsit
1423 1101 1441 1128 ,

418 1140 713 1195 miserrime
731 1140 993 1194 convertit
1012 1157 1203 1211 greca.
1236 1139 1325 1210 (Si
1347 1141 1443 1194 Ze-

412 1220 574 1293 phyri
608 1217 771 1276 πνοιαὶ
806 1230 1098 1291 rapuerunt
1124 1238 1157 1272 a
1191 1220 1407 1274 Xantho
1424 1266 1441 1292 ‚

413 1298 685 1370 quomodo
708 1297 875 1351 larem
905 1310 1113 1369 ponunt
1142 1299 1283 1354 inter
1316 1319 1442 1354 con·

410 1377 575 1432 valles
593 1378 922 1450 cauricrepas
935 1376 979 1445 ἓ)
998 1377 1279 1443 Praeterea,
1296 1379 1443 1436 unde

410 1459 599 1512 habuit
616 1462 865 1512 convalles
880 1469 1177 1528 scruposas?
1196 1460 1251 1512 Si
1276 1461 1437 1514 Cauri

412 1557 607 1593 nomen
630 1557 659 1591 a
684 1539 841 1592 Poeta
864 1541 1180 1610 profectum,
1200 1539 1310 1593 fere
1330 1560 1442 1594 cre·

412 1616 637 1671 diderim
664 1619 903 1691 posuisse
928 1618 997 1671 de
1034 1631 1189 1672 vento
1228 1620 1437 1692 frigido.

412 1729 481 1740 --
505 1698 609 1752 Pro
630 1701 812 1752 Oltam-1⁰
832 1698 886 1749 in
917 1699 981 1749 V.
1000 1702 1162 1750 Tauri.
1190 1700 1323 1753 Inde
1340 1701 1435 1754 Hi-

408 1779 545 1850 gtius
564 1797 581 1832 =
622 1803 645 1825 ι
666 1779 733 1830 In
759 1777 927 1833 Tauri
952 1791 1164 1852 cryptas
1204 1779 1317 1850 (vel
1344 1800 1436 1852 pe-

410 1861 547 1927 tras)
572 1873 627 1913 et
652 1878 932 1932 scruposas
958 1861 1227 1914 convalles
1252 1887 1295 1914 n.
1332 1861 1437 1916 Sed

408 1939 541 1992 mihi
584 1939 697 1992 hac
738 1939 961 1993 mutatio
995 1959 1105 1992 non
1143 1941 1436 2013 probabilis

406 2019 651 2073 videtur:
695 2018 968 2092 quomodo
998 2019 1139 2073 enim
1167 2019 1236 2073 de
1253 2021 1435 2076 Tauro

404 2099 493 2154 hic
511 2100 743 2172 cogitare
766 2113 973 2172 poterat
989 2099 1253 2153 Avienus?
1270 2101 1374 2154 Seu
1382 2120 1433 2156 a.

407 2211 479 2220 --
500 2182 583 2232 De
616 2179 837 2232 veritate
872 2178 1107 2232 lectionis
1138 2180 1433 2234 constitutae

407 2256 492 2309 vix
528 2257 759 2310 dubitari
783 2269 954 2328 potest
967 2297 984 2321 ‚
1008 2257 1433 2328 conspirantibus

404 2337 459 2389 in
492 2354 609 2389 eam
646 2336 833 2407 priscis
867 2335 1187 2391 editionibus
1214 2337 1432 2408 pariter,

405 2434 469 2469 ac
514 2415 692 2469 liberis
731 2414 1063 2469 eruditorum
1100 2418 1437 2490 conjecturis.

404 2495 509 2549 sed
544 2496 777 2549 Avienus
810 2495 947 2549 male
987 2496 1301 2569 Dionysium
1344 2518 1436 2552 ex·

406 2575 595 2647 pressit
612 2614 628 2640 ,
654 2586 750 2628 aut
772 2592 897 2627 eum
918 2575 1211 2647 exprimere
1236 2578 1431 2640 noluit,

404 2674 514 2709 suo
550 2654 833 2726 indulgens
869 2655 1113 2710 libertati.
1146 2655 1433 2730 Dionysius

401 2748 607 2791 tantum
628 2734 773 2802 dicit,
782 2735 999 2791 Achaeos
1011 2735 1191 2791 Austri
1207 2750 1257 2790 et
1272 2740 1431 2812 Aqui·

401 2817 536 2870 lonis
572 2814 783 2869 flatibus
818 2835 849 2870 a
874 2818 1037 2890 Troja
1070 2816 1329 2871 abductos
1370 2820 1429 2873 in

396 2896 494 2949 has
513 2910 674 2950 terras
694 2914 805 2949 esse
825 2915 840 2950 ε
860 2898 1091 2952 Avienus
1114 2896 1255 2969 ipsas
1280 2898 1430 2953 sedes

398 2975 717 3031 Achiuorum
740 2976 953 3040 Cauris,
985 2976 1043 3027 h.
1065 2996 1128 3029 e..
1138 2978 1307 3031 ventis
1332 2978 1426 3031 sri-

400 3054 533 3127 gidis
550 3094 565 3121 ,
610 3074 896 3128 personare
924 3054 1053 3109 facit
1074 3094 1091 3118 ,
1128 3069 1180 3109 et
1216 3056 1267 3108 in
1303 3075 1429 3111 con·

396 3135 560 3189 valles
585 3154 869 3206 scruposas
894 3136 1171 3188 convertit.
1208 3134 1319 3189 Nec
1344 3148 1424 3189 ta-

398 3232 521 3267 men
545 3214 651 3267 hoc
671 3214 785 3268 sine
807 3212 1117 3267 auctoritate
1145 3214 1327 3269 fecisse
1348 3215 1425 3268 vi-

397 3291 569 3359 detur,
620 3292 883 3366 siquidem
931 3293 1111 3347 locum
1155 3294 1424 3346 Ammiani

398 3372 632 3426 Marcell.
652 3374 1007 3440 conseramus,
1031 3374 1127 3446 qni
1150 3391 1271 3427 mox
1299 3394 1426 3447 pro-

398 3450 638 3504 ducetur.
658 3452 901 3507 Fortasse
922 3454 1011 3507 ille
1037 3452 1181 3525 apud
1208 3454 1422 3525 Dionys.

398 3548 449 3583 v.
470 3532 575 3593 684
593 3549 692 3602 pro
707 3533 1011 3602 νοσφίσσαντο
1034 3531 1181 3586 aliud
1202 3534 1421 3587 verbum

398 3610 560 3681 legit,
589 3609 733 3680 quod
761 3612 983 3667 Achaeos
1018 3613 1069 3665 in
1110 3613 1261 3667 novis
1287 3612 1423 3667 sedi-

397 3690 500 3742 bus
526 3689 635 3741 suis
656 3690 839 3741 Cauris
864 3690 1106 3744 infestari
1142 3704 1196 3745 et
1220 3690 1419 3763 pulsari

395 3767 733 3839 significaret.
760 3768 865 3821 Sed
890 3767 1022 3822 illud
1046 3772 1201 3842 quale
1233 3770 1423 3837 fuerit,

398 3846 617 3899 difficile
647 3846 879 3918 exquiro.
922 3852 1041 3901 Post
1064 3852 1242 3903 Achoei
1272 3850 1421 3923 sequi

397 3924 624 3980 debebat
662 3928 757 3992 Qui
796 3930 861 3977 ab
900 3929 1087 3978 Xanthi
1119 3929 1233 3996 ripis
1258 3949 1276 3979 .·
1328 3927 1421 3982 sed

392 4026 505 4059 non
542 4005 768 4059 insolens
804 4005 1005 4058 Avieno
1042 4019 1144 4071 est,
1172 4008 1423 4064 relativas

396 4086 665 4150 omittere,
698 4098 751 4139 et
790 4088 1175 4139 connexionem
1212 4088 1420 4141 abrum-

1533 678 1694 732 pere;
1717 664 1872 734 cujus
1895 661 2134 732 exempla
2151 660 2257 716 vid.
2276 662 2563 733 8751221·

1532 739 1599 792 Et
1625 741 1848 793 omnino
1874 739 1964 794 hic
2002 742 2149 794 locus
2187 740 2324 794 inter
2354 743 2564 796 aberra-

1531 819 1701 872 tiones
1718 819 1904 873 Avieni
1921 818 2234 892 adparentes
2251 820 2562 874 referendus

1531 912 1612 954 est
1634 937 1652 964 ,
1700 901 1899 973 quibus
1944 901 1991 955 si
2024 919 2336 955 succurrere
2380 901 2562 974 aliqua

1532 979 1900 1034 emendatione
1923 979 2050 1034 velis
2068 1020 2084 1046 ,
2133 1005 2156 1026 ·
2175 979 2284 1045 Qui
2309 981 2410 1034 scis
2433 1021 2450 1047 ,
2473 1000 2559 1048 ‚an

1528 1058 1765 1132 prudens
1799 1059 1908 1114 huc
1953 1079 2008 1113 se
2051 1059 2329 1133 projecerit
2346 1100 2362 1126 ,
2401 1072 2560 1134 atque

1529 1138 1740 1192 Servari
1763 1137 1937 1192 nolit?
1960 1165 1984 1185 .-
2011 1137 2151 1194 Wd.
2175 1169 2246 1180 —
2267 1139 2487 1191 Veneta:
2505 1153 2560 1193 et

1528 1217 1720 1272 Pithoei
1750 1229 2000 1289 corrupta
2024 1217 2184 1272 lectio
2211 1229 2325 1271 est:
2364 1245 2390 1266 ιι
2417 1219 2560 1274 Inter

1528 1298 1734 1352 Chauri
1771 1309 2072 1369 crepassent
2115 1315 2392 1370 scruposas
2431 1317 2558 1352 con-

1528 1377 1679 1431 vallis
1698 1403 1742 1430 ιι.
1777 1373 2120 1430 Emendatius
2152 1376 2312 1448 Cusp.
2341 1388 2392 1430 et
2417 1377 2556 1431 vad.

1528 1455 1810 1510 ediderunt
1855 1482 1880 1501 u
1901 1457 2046 1508 Inter
2085 1454 2466 1530 Chauricrepas
2505 1469 2558 1512 et

1527 1553 1804 1608 scruposas
1831 1535 2084 1590 convallis
2102 1562 2143 1588 ι.
2171 1567 2244 1577 —
2269 1535 2558 1590 Hudsonus

1527 1614 1711 1687 adjicit
1733 1615 1894 1668 aliam
1916 1619 2310 1689 conjecturam:
2330 1642 2357 1662 «-
2371 1617 2436 1668 In
2455 1618 2558 1672 co·

1526 1697 1662 1750 racis
1687 1695 1860 1769 ripam
1873 1723 1922 1762 n,
1940 1715 2060 1768 quae
2088 1716 2213 1750 sane
2239 1695 2394 1750 lectio
2413 1697 2557 1768 inge-

1526 1775 1678 1830 niosa
1701 1775 1959 1833 Wernsd.
1985 1777 2214 1844 videtur,
2233 1776 2326 1832 sed
2354 1778 2556 1832 caeteris

1526 1856 1704 1910 adhuc
1721 1855 1980 1934 Dionysio
2006 1859 2179 1911 minus
2204 1856 2553 1931 respondens.

1597 1939 1717 2009 870.
1757 1943 2095 1990 Transvexm
2137 1942 2312 1990 larem.
2361 1937 2554 1990 Omisit

1525 2016 1756 2070 Avienus
1779 2017 2097 2090 Dionysiana
2131 2035 2208 2069 vs.
2233 2015 2370 2071 685:
2401 2007 2552 2069 Euno-

1523 2097 1687 2167 μένους
1725 2096 1850 2167 μετὰ
1886 2093 2020 2168 δῆριν
2055 2087 2301 2169 Ᾱρητιάδῃ
2339 2097 2547 2162 βασιλῆι.

1523 2177 1602 2228 De
1655 2177 1965 2247 migratione
2021 2175 2361 2241 Achaeorum,
2413 2175 2552 2231 duce

1523 2256 1852 2329 Ascalapho,
1889 2255 2080 2309 Martis
2118 2253 2260 2320 filio,
2297 2255 2438 2310 conf.
2474 2256 2551 2309 lo·

1521 2356 1618 2391 cus
1663 2335 1969 2402 Strabonis,
2010 2355 2062 2408 p.
2107 2335 2210 2407 758
2231 2374 2246 2400 ,
2285 2335 2551 2408 praecipue

1523 2420 1792 2473 Ammiani
1820 2420 2059 2474 Marcell.
2086 2418 2177 2471 lib.
2201 2418 2392 2481 xxu,
2430 2438 2548 2491 cap.

1523 2498 1588 2563 8,
1615 2518 1733 2571 pag.
1761 2498 1894 2568 339,
1936 2498 2024 2553 ed.
2045 2498 2283 2551 Gronov.
2319 2525 2346 2546 ιι
2367 2498 2548 2553 Achai

1520 2578 1660 2631 bello
1691 2580 1954 2633 anteriore
1978 2576 2216 2651 quodam
2248 2576 2392 2649 apud
2411 2576 2548 2629 Tro-

1514 2660 1628 2730 jam
1647 2671 2042 2726 consummato,
2065 2676 2174 2711 non
2201 2675 2369 2731 quum
2388 2676 2548 2729 super

1519 2737 1720 2791 Helena
1747 2749 2060 2804 certaretur,
2081 2749 2140 2789 nt
2157 2747 2401 2789 auctores
2423 2756 2548 2809 pro-

1516 2815 1701 2871 didere
1729 2816 2005 2884 nonnulli,
2030 2818 2086 2869 in
2107 2816 2333 2877 Pontum
2353 2814 2549 2868 reflan-

1517 2896 1657 2949 tibus
1689 2896 1860 2951 ventis
1893 2914 2068 2949 errore
2093 2892 2285 2961 delati,
2314 2894 2546 2948 cunctis·

1517 2993 1624 3046 que
1657 2975 1965 3040 hostilibus,
1997 2974 2240 3029 stabilem
2261 2972 2546 3027 domiciliis

1516 3054 1696 3109 sedem
1723 3073 1984 3125 nusquam
2012 3053 2353 3128 reperientes,
2381 3053 2543 3106 verti·

1513 3134 1664 3188 cibus
1687 3134 1950 3188 montium
1971 3133 2212 3189 insedere
2237 3151 2445 3203 semper
2467 3132 2549 3185 ni·
2641 3168 2654 3179 .

1515 3213 1753 3269 valiam:
1795 3226 1848 3267 et
1871 3214 2094 3267 horrore
2127 3212 2242 3267 caeli
2277 3211 2538 3279 districti,

1511 3295 1712 3349 victum
1739 3293 1898 3347 etiam
1919 3294 2021 3348 sibi
2042 3312 2162 3346 cum
2189 3292 2439 3365 periculis
2459 3311 2540 3345 ra-

1511 3386 1604 3452 pto
1637 3393 1830 3447 parare
1869 3372 2160 3427 adsuefacti
2198 3383 2354 3425 sunt:
2383 3382 2543 3443 atque

1513 3473 1578 3507 eo
1619 3456 1755 3507 ultra
1797 3472 2010 3508 omnem
2053 3452 2248 3505 deinde
2289 3450 2542 3505 ferociam

1512 3534 1790 3589 sevierunt
1810 3561 1853 3587 n.
1893 3532 2046 3587 Adde
2071 3530 2352 3599 Columell.
2380 3530 2448 3585 de
2465 3532 2544 3583 Re

1509 3615 1657 3669 Rust.
1683 3616 1742 3681 Ι,
1785 3614 1816 3668 3
1835 3652 1852 3677 ,
1898 3618 1966 3668 6:
2013 3640 2038 3660 α
2065 3612 2308 3683 Nequam
2336 3610 2542 3665 vicinus

1508 3704 1718 3746 tantum
1746 3694 1942 3747 malum
1971 3706 2071 3757 est,
2096 3703 2156 3744 ut
2171 3690 2324 3744 multi
2347 3701 2541 3763 praetu·

1511 3771 1670 3825 lerint
1695 3791 1876 3827 carere
1899 3773 2183 3845 penatibus
2200 3809 2215 3833 ,
2241 3783 2296 3824 et
2321 3780 2544 3841 propter

1509 3848 1732 3923 injurias
1761 3852 2060 3906 vicinorum
2090 3848 2242 3903 sedes
2273 3867 2390 3902 suas
2417 3866 2540 3917 pro·

1512 3929 1740 4001 fugerint
1762 3950 1775 3984 :
1805 3930 1904 3986 nisi
1918 3932 2068 3985 aliter
2085 3930 2446 3983 existimamus
2462 3925 2540 3979 di-

1511 4028 1724 4063 versum
1742 4012 1923 4063 orbem
1943 4022 2123 4083 gentes
2149 4008 2418 4061 universas
2441 4024 2538 4077 pe-

1510 4088 1678 4155 tiisse,
1708 4089 1892 4143 relicto
1931 4090 2105 4161 patrio
2136 4090 2276 4155 solo,
2316 4086 2540 4141 Achaeos
