2996 4685
826 425 959 494 DE
1008 421 1627 495 ΑνιΕΝι-οΒΑ
1674 423 2024 492 ΜΑΒΙΤ.
2347 427 2492 513 403

370 571 437 619 et
472 571 789 620 terrarum
834 555 1101 620 nomina
1116 603 1135 637 ,
1182 553 1556 619 melioribus
1599 556 1820 644 ignota
1856 557 2236 646 geographis
2253 606 2271 638 ,
2309 560 2496 647 plura
2577 619 2580 622 ,

370 659 654 750 denique
668 683 887 726 rerum
911 661 1217 725 miracula
1232 676 1299 725 et
1312 675 1615 749 portenta
1632 677 1906 726 enarret.
1935 662 2019 725 Et
2040 664 2191 751 quia
2211 687 2459 731 errores
2476 717 2495 750 ‚

372 791 538 858 quos
586 767 837 856 antiqui
884 767 976 831 illi
1024 767 1369 858 scriptores
1419 783 1796 834 erraverunt
1814 815 1832 848 ,
1883 783 2123 834 temere
2169 772 2495 859 sequitur,

370 875 527 939 hinc
560 873 699 962 ipse
733 873 1079 962 saepissime
1110 873 1411 940 oberrare
1441 873 1705 937 incertis
1739 872 1930 955 locis,
1965 873 2232 939 miscere
2263 877 2497 961 multa,

373 997 440 1044 et
481 979 837 1069 pugnantia
874 977 1087 1044 dicere
1130 978 1419 1062 videtur,
1460 993 1538 1042 ut
1583 979 1826 1043 nesciat
1875 979 2100 1062 lector,
2147 981 2385 1068 quibus
2428 983 2495 1048 in

373 1086 748 1176 regionibus
787 1102 1102 1167 versetur,
1150 1085 1522 1174 quibusque
1563 1084 1723 1149 locis
1771 1085 2062 1174 gentium
2076 1135 2097 1166 ,
2142 1089 2462 1154 montium
2480 1139 2498 1171 ,

374 1191 719 1257 fluminum
742 1193 1007 1256 nomina
1027 1192 1361 1282 adsignare
1384 1191 1638 1257 debeat.
1663 1193 1842 1280 Saepe
1856 1192 1986 1257 hoc
2003 1192 2164 1257 mihi
2186 1195 2502 1279 evenisse,

374 1320 633 1364 carmen
668 1297 830 1362 illud
863 1299 1227 1364 recensenti
1246 1349 1265 1381 ,
1302 1299 1530 1382 fateor,
1562 1320 1728 1387 soepe
1764 1321 1868 1363 me
1885 1347 1903 1381 ,
1941 1298 2088 1364 dieo
2103 1348 2121 1382 ,
2156 1297 2237 1365 de
2274 1299 2504 1367 ordine

373 1407 668 1495 serieque
684 1429 904 1471 rerum
923 1406 1309 1471 invenienda
1330 1407 1566 1471 frustra
1587 1409 1786 1472 fuisse
1803 1405 2148 1472 sollicitum
2162 1456 2181 1490 ,
2198 1424 2264 1472 et
2283 1408 2501 1492 credo,

375 1513 641 1578 cuilibet
666 1511 839 1577 idem
870 1525 1259 1577 eventurum
1281 1513 1480 1578 fuisse
1495 1562 1514 1596 ,
1538 1514 1592 1578 si
1624 1515 1768 1602 quis
1795 1511 1958 1577 illud
1974 1529 2282 1601 perpetua
2301 1512 2518 1592 aduc--

375 1619 618 1683 tatione
648 1618 1057 1707 interpretari
1076 1666 1093 1700 ‚
1128 1617 1308 1706 quod
1330 1617 1548 1683 adhuc
1579 1641 1776 1683 nemo
1805 1617 1956 1682 fecit
1973 1666 1992 1700 ,
2023 1618 2350 1684 voluisset.
2386 1621 2504 1686 His

378 1725 525 1790 01·oe
560 1725 895 1788 maritimas
926 1723 1123 1790 rebus
1155 1722 1573 1788 consideratis
1595 1774 1611 1806 ‚
1647 1725 1700 1788 si
1729 1723 2046 1804 judicium
2083 1724 2164 1790 de
2200 1749 2280 1790 eo
2309 1748 2504 1815 opere

378 1829 719 1894 ferendum
758 1832 874 1911 sit,
906 1813 1124 1894 nescio
1154 1853 1238 1894 an
1272 1829 1434 1894 illud
1474 1831 1726 1894 Avieno
1760 1831 1966 1918 possit
1995 1831 2176 1895 omni
2211 1854 2290 1896 ex
2324 1850 2505 1920 parte

378 1935 724 1999 favorabile
756 1935 1153 2024 contingere.
1197 1934 1415 1998 Placet
1444 1934 1715 1998 omnino
1745 1935 2053 2025 elegantia
2091 1951 2155 2000 et
2184 1936 2370 2024 copia
2403 1936 2506 2001 di-

381 2038 607 2122 cendi,
638 2039 864 2128 visque
900 2037 1183 2128 ingenii,
1218 2038 1288 2102 in
1321 2061 1399 2104 eo
1437 2039 1722 2104 carmine
1763 2041 1946 2127 quasi
1986 2063 2159 2104 novo
2197 2041 2507 2106 orationis

379 2167 617 2234 genere
650 2144 995 2233 conspicua
1012 2193 1031 2226 ‚
1070 2167 1215 2232 quae
1249 2145 1347 2208 uti
1375 2145 1445 2208 in
1484 2145 1931 2234 Descriptione
1968 2146 2160 2210 Orbis
2187 2169 2393 2237 prope
2424 2147 2508 2212 ad

380 2249 627 2316 heroici
647 2250 947 2316 oerminis
969 2250 1276 2314 virtutem
1300 2249 1687 2340 adsurgebat
1701 2301 1720 2334 ‚
1747 2251 1837 2316 ita
1863 2252 1932 2315 in
1953 2252 2084 2316 Ora
2101 2253 2310 2316 marit.
2333 2253 2509 2318 velut

380 2357 509 2422 leni
531 2357 835 2445 simplicis
855 2355 1237 2421 narrationis
1258 2353 1528 2420 flumine
1543 2404 1561 2438 ,
1581 2354 1796 2421 faciles
1810 2379 1929 2445 per
1945 2357 2194 2422 iambos
2213 2358 2473 2423 evoluto
2486 2408 2505 2441 ,

378 2462 636 2528 videtur
666 2463 1025 2528 decurrere.
1073 2462 1291 2526 Placet
1330 2462 1612 2527 eruditio
1644 2478 1711 2528 et
1741 2463 1999 2527 solertia
2029 2464 2310 2529 auctoris
2325 2514 2344 2547 ,
2381 2488 2508 2553 qua

382 2568 821 2635 memorabilia
852 2566 1165 2632 nonnulla
1198 2590 1277 2631 ex
1308 2568 1592 2655 antiquis
1623 2568 2047 2657 scriptoribus
2081 2570 2278 2651 lecta,
2311 2586 2508 2659 atque

380 2676 537 2739 hinc
562 2672 716 2737 inde
739 2672 1025 2761 inspersa
1046 2674 1227 2759 operi
1248 2694 1401 2754 suo,
1424 2690 1564 2737 tum
1594 2674 1891 2753 nomina,
1914 2676 2196 2763 origines
2211 2724 2230 2757 ,
2263 2668 2504 2759 mores,

383 2779 769 2847 commercia
797 2778 1089 2867 gentium
1116 2792 1315 2863 atque
1346 2776 1610 2841 urbium
1627 2825 1646 2858 ,
1683 2801 1955 2865 quarum
1984 2770 2054 2842 in
2079 2778 2216 2842 aliis
2238 2780 2510 2868 scripto-

383 2887 563 2955 ribus
593 2908 729 2950 non
758 2906 942 2972 aeque
966 2897 1172 2947 exstat
1202 2882 1550 2962 memoria,
1575 2884 2009 2965 conservavit,
2043 2906 2186 2971 quae
2221 2883 2340 2948 dos
2373 2886 2509 2966 ejus

383 2992 617 3075 libelli,
644 2990 699 3059 si
726 3006 941 3054 totum
970 3010 1177 3077 opus,
1206 2987 1391 3068 cujus
1422 2985 1619 3051 hodie
1651 2987 1933 3076 primum
1961 3004 2212 3053 tantum
2234 2989 2473 3055 librum
2491 3039 2509 3072 ,

385 3122 509 3167 nec
534 3120 686 3162 eum
710 3096 1036 3185 integrum
1056 3142 1075 3175 ,
1100 3094 1417 3158 babemus
1433 3140 1452 3174 ,
1484 3091 1568 3157 ad
1599 3114 1720 3156 nos
1744 3094 2172 3181 pervenisset,
2202 3117 2508 3185 magnum

382 3202 661 3271 omnino
697 3215 1103 3265 momentum
1136 3200 1220 3265 ad
1251 3200 1548 3264 notitiam
1580 3198 1754 3263 orbis
1787 3200 2064 3289 antiqui,
2103 3217 2169 3265 et
2201 3201 2512 3265 universae

384 3308 669 3375 historias
692 3306 1131 3395 cognitionem
1150 3306 1377 3371 suisset
1404 3306 1720 3370 habitura.
1757 3306 1884 3371 Sed
1909 3308 1963 3370 si
1981 3328 2201 3371 rerum
2229 3308 2510 3395 ipsarum

386 3414 831 3484 tractationem
844 3459 863 3493 ,
888 3413 941 3475 si
958 3434 1228 3499 scopum
1248 3428 1313 3476 et
1330 3412 1672 3476 consilium
1697 3414 1979 3476 auctoris
1996 3410 2478 3477 consideramus
2493 3463 2512 3495 ,

388 3544 523 3611 quo
566 3518 857 3587 Probum
906 3518 1227 3582 instruere
1277 3517 1360 3581 de
1409 3517 1672 3582 urbium
1719 3518 2141 3606 gentiumque
2184 3518 2348 3601 situ,
2397 3542 2514 3608 per

389 3628 703 3697 ambitum
734 3624 925 3690 maris
958 3622 1410 3688 mediterranei
1429 3639 1497 3687 et
1522 3624 1716 3687 Ponti
1738 3622 2006 3703 Euxini,
2030 3624 2317 3707 volebat,
2339 3624 2516 3689 haud

388 3733 689 3824 equidem
726 3731 1005 3799 arbitror
1036 3747 1211 3794 recte
1246 3752 1396 3793 eum
1428 3731 1730 3795 functum
1763 3750 1900 3794 esse
1933 3728 2171 3794 officio.
2219 3731 2518 3796 Ostenta·

392 3840 571 3904 tione
605 3836 883 3926 quadam
912 3836 1206 3901 lectionis
1244 3857 1361 3923 per
1386 3834 1700 3923 plurimos
1739 3835 2142 3925 geographiae
2176 3837 2516 3925 scriptores

393 3944 679 4025 diffluae,
731 3960 871 4008 tum
914 3941 1119 4005 nimio
1162 3956 1455 4006 veterum
1509 3942 1915 4023 Graecorum,
1950 3964 2082 4031 proe
2117 3944 2422 4007 Romanis
2455 3961 2520 4008 et

393 4050 860 4125 recentioribus
882 4096 899 4131 ,
932 4069 1186 4129 amore,
1219 4046 1512 4136 corrupit
1536 4046 1996 4130 institutionis,
2031 4072 2224 4137 quam
2254 4048 2522 4115 daturus

396 4175 564 4239 erat,
622 4178 848 4239 usum,
895 4156 1355 4221 confusaneam
1412 4168 1476 4217 et
1533 4146 1697 4217 male
1752 4152 2058 4243 digestam
2113 4156 2258 4219 Orae
2314 4154 2521 4218 marit.

2098 4262 2222 4329 26.
