2996 4685
737 389 1351 459 DESCRIPTIO
1390 383 1711 458 ‘ORBIS
1777 386 2153 456 TERRAE.

2375 405 2502 478 117

582 514 709 583 Hic
742 512 979 582 modus
1014 511 1129 580 est'
1151 510 1331 579 orbis
1360 510 1571 580 Gadir
1607 511 1950 600 locus‚hic
1985 522 2206 579 tumet·
2227 507 2412 580 Atlas
2436 541 2508 568 mo

486 623 798 710 ArduuS,
832 621 944 690 hic
982 620 1552 716 duro'torquetur
1588 620 1860 691 cardine
1904 611 2175 706 caelum,

485 734 613 802 Hic
654 730 1072 802 circumfusis
1114 721 1397 800 vestitur
1428 731 1720 801 nubibus
1757 730 1918 801 axis,

490 845 581 914 Et
620 844 913 938 primum
952 855 1181 936 ruptas
1225 867 1294 911 se
1337 856 1584 936 pontus
1618 842 1917 912 Iber-icus
1961 835 2144 909 illinc

391 1063 625 1130 ducunt,
646 1066 704 1118 in
739 1075 945 1117 tantum
986 1062 1278 1116 altitudinis
1297 1103 1314 1129 ‚
1347 1075 1409 1115 ut

392 1144 567 1198 subire
578 1145 711 1198 recti
730 1155 943 1214 possent
954 1167 1001 1196 υ.
1020 1143 1217 1196 Confer
1234 1141 1410 1194 Nostri

390 1241 467 1276 vs.
494 1223 597 1293 379
623 1235 676 1276 et
714 1222 833 1291 589.
872 1223 1148 1276 Contraria
1190 1220 1409 1294 quidem

391 1302 775 1372 significatione
825 1300 1045 1354 adhibet
1088 1301 1238 1371 Virg.
1294 1301 1407 1354 Ecl.

390 1380 469 1432 lx
484 1418 502 1445 ,
531 1400 562 1452 7
586 1399 601 1434 ε
634 1407 658 1429 «ι
678 1399 785 1454 qua
822 1399 877 1433 se
914 1379 1213 1434 subducere
1250 1379 1409 1434 colle·

390 1460 687 1533 Incipiunt,
713 1459 968 1533 mollique
989 1465 1177 1534 jugum
1216 1459 1408 1514 demit·

390 1553 497 1594 tere
543 1541 682 1594 olivo
700 1559 762 1605 »ς
794 1541 888 1594 uhi
932 1540 1227 1594 rectissime
1266 1539 1410 1612 Hey-

388 1622 507 1676 nius
525 1623 629 1676 Vir
677 1621 821 1677 Clar.
858 1625 1125 1675 subducere
1158 1639 1215 1675 ae
1250 1620 1411 1675 colles

389 1702 656 1772 dicuntur,
674 1703 852 1776 quiex
874 1704 983 1757 alto
1006 1703 1058 1754 in
1077 1703 1299 1775 planum
1319 1700 1410 1755 de-

388 1781 679 1848 ducuntur,
703 1781 1027 1836 decrescunt.
1047 1780 1153 1833 Sed
1179 1779 1268 1833 hic
1294 1799 1410 1832 mos

390 1871 469 1912 est
490 1879 674 1913 eorum
697 1860 979 1915 verborum
995 1895 1011 1922 ,
1034 1877 1151 1930 qun
1176 1877 1302 1911 cum
1325 1861 1411 1910 sub

391 1949 803 2010 componuntur,
827 1941 1095 1989 subducere
1106 1975 1123 1999 ,
1150 1940 1409 2007 subjicere,

391 2020 691 2078 submittere,
717 2029 779 2069 ut
814 2028 1015 2068 motum
1046 2015 1101 2067 in
1140 2015 1408 2086 superiora

389 2096 589 2168 pariter
622 2115 685 2149 ac
716 2094 965 2147 inferiora
1006 2102 1218 2157 notent,
1247 2105 1411 2165 prout

391 2173 460 2228 ad
486 2175 769 2227 terminum
788 2211 805 2237 ‚
826 2172 971 2226 unde
998 2172 1186 2244 incipit
1202 2184 1376 2227 motus
1390 2213 1406 2240 ,

388 2253 710 2308 referuntur.
733 2250 989 2307 Eundem
1012 2253 1270 2305 rationem
1295 2269 1407 2306 esse

388 2335 662 2387 nominum
685 2337 813 2385 alan
832 2342 885 2387 et
894 2333 1195 2402 profundus,
1209 2334 1406 2401 supinus

388 2425 441 2467 et
465 2419 680 2466 devexus
695 2452 711 2475 ‚
742 2424 803 2466 ut
828 2411 1257 2485 mutaticvicibuy
1284 2413 1409 2465 sub-

389 2492 515 2547 inde
531 2493 756 2547 alterum
777 2490 993 2545 alterius
1010 2491 1279 2544 notionem
1298 2510 1412 2545 sor·

389 2574 567 2635 tiator,
588 2572 745 2627 docet
761 2570 1023 2626 Gesnernu
1040 2569 1110 2623 ad
1128 2569 1262 2623 Plin.
1276 2570 1406 2625 Pan.

392 2654 463 2707 3ο
481 2690 499 2717 ,
521 2660 572 2717 4.
590 2654 692 2708 W.

469 2752 585 2787 100.
627 2734 719 2784 Hic
763 2735 933 2783 modus
980 2744 1053 2782 est
1093 2732 1239 2781 orbis.
1285 2728 1408 2781 Non

392 2830 551 2865 nemo
588 2813 706 2863 orbi.
748 2810 853 2865 Sed
894 2814 1009 2861 'non
1058 2826 1271 2863 necesse
1310 2818 1411 2869 est,

388 2890 509 2963 quia
526 2890 713 2945 modus
727 2888 867 2943 idem
888 2900 963 2943 est
980 2906 1043 2941 ac
1058 2886 1414 2942 limes.En.-

390 2970 518 3025 vid.
541 2990 621 3026 vs.
642 2970 732 3033 36,
753 2977 842 3042 47,
862 2970 961 3040 37²
983 2986 999 3033 3
1020 2969 1119 3022 Or.
1142 2986 1271 3020 mar.
1294 2969 1411 3031 341.

392 3050 513 3104 Hoec
554 3048 775 3104 Schrad.
818 3048 1221 3102 Distinctionem
1241 3084 1258 3111 ,
1295 3064 1413 3119 quae

390 3128 446 3181 in
465 3129 683 3201 vulgatis
705 3139 825 3201 post
848 3130 975 3179 orbis
999 3138 1075 3179 est
1089 3167 1108 3194 ,
1122 3124 1414 3180 Hudsonus

393 3207 682 3261 tollendam
708 3206 971 3260 existimat
989 3244 1006 3270 ,
1023 3206 1163 3259 bene
1193 3224 1413 3259 sane.-

397 3290 558 3338 Gadae'r
579 3290 734 3337 loeus.
763 3284 922 3337 Liber
946 3285 1188 3337 Ambroa.
1231 3284 1321 3338 hio
1362 3294 1413 3337 et

394 3364 521 3419 alibi
539 3402 555 3426 ,
582 3383 633 3418 v.
672 3366 775 3417 διο
793 3400 809 3428 ,
836 3362 939 3417 615
958 3400 975 3426 ‚
1001 3361 1163 3417 habet
1202 3366 1412 3415 Gaddir.

399 3444 487 3501 Sic
532 3453 584 3496 et
625 3443 793 3497 Prisc.
838 3440 1075 3495 Gramm.
1120 3440 1189 3495 de
1227 3460 1416 3514 genere

402 3524 628 3577 nominis
666 3524 781 3595 ejus
816 3539 1005 3592 agens,
1032 3520 1103 3585 V,
1128 3541 1180 3593 p.
1209 3524 1334 3591 647,
1362 3532 1413 3574 et

403 3604 512 3668 vl,
536 3622 588 3676 p.
619 3604 723 3672 698
742 3639 758 3665 ,
797 3600 1005 3654 Putsch.
1042 3600 1199 3653 Plura
1222 3600 1415 3655 Noster

404 3682 473 3737 de
496 3702 561 3737 eo
582 3682 703 3737 loeo
724 3722 739 3749 ,
762 3683 861 3735 Or.
890 3698 1022 3733 mar.
1049 3682 1151 3751 267
1172 3698 1320 3752 seqq.
1350 3678 1415 3730 Et

403 3762 513 3815 vid.
558 3762 730 3816 Colcr.
766 3760 835 3815 ad
870 3759 1084 3814 Sallust.
1128 3758 1314 3831 fragm.
1352 3776 1417 3811 ex

404 3841 526 3895 hist.
567 3842 603 3895 l.
644 3844 726 3910 11,
763 3862 816 3915 p.
857 3840 919 3896 51
949 3840 1033 3895 ed.
1060 3840 1288 3894 Haverk.
1318 3838 1419 3891 Bo-

404 3920 567 3974 chart.
600 3920 664 3974 G.
702 3922 753 3975 S.
788 3922 847 3984 1,
872 3920 1157 3987 3438a1m.
1198 3918 1265 3972 ad
1304 3917 1415 3971 Sol.

409 4018 507 4053 που
523 4035 538 4062 ,
558 4000 616 4051 b.
638 3998 697 4052 B.
715 4000 877 4055 Solin.
898 4020 948 4055 c.
977 4000 1060 4055 23.
1080 4000 1249 4053 Scan.

482 4098 597 4132 101.
632 4081 722 4131 Hic
763 4084 885 4132 dum
931 4095 1181 4149 tor-queem·
1216 4080 1419 4130 cardine

406 4162 595 4212 caelum.
626 4158 746 4212 Htoc
768 4166 883 4211 'non
898 4159 1216 4231 eDionysio,
1233 4156 1323 4212 sed
1352 4176 1415 4210 ex

1500 1055 1614 1116 aliis
1652 1063 1820 1136 poetis
1859 1062 2149 1135 expressit,
2179 1061 2273 1135 qui
2313 1061 2514 1116 circum
2562 1075 2564 1078 ’

1468 1153 1475 1161 ·
1498 1143 1761 1195 Atlantem
1773 1183 1790 1208 ,
1806 1145 1888 1196 vel
1903 1142 2207 1196 columnam
2223 1143 2336 1214 ejus
2351 1183 2366 1208 ,
2385 1153 2514 1195 tam-

1498 1243 1662 1296 quam
1708 1241 1860 1276 axem
1902 1221 2090 1278 dicunt
2134 1222 2320 1276 caelum
2363 1222 2514 1277 verti.

1497 1304 1646 1376 Virg.
1671 1309 1796 1358 AEn.
1825 1303 1923 1366 IV,
1953 1304 2083 1366 481:
2109 1301 2235 1354 «ubi
2264 1301 2518 1355 maximus
2621 1355 2628 1362 .

1498 1382 1644 1438 Atlas
1664 1385 1832 1438 Axem
1851 1383 2076 1435 humero
2099 1394 2309 1454 torquet
2325 1419 2342 1445 ,
2360 1379 2518 1436 stellis

1498 1462 1802 1518 ardentibus
1826 1475 2006 1534 aptum
2032 1486 2075 1515 ιι.
2100 1456 2353 1524 Et‚0vid.
2381 1462 2515 1515 Met.
2627 1521 2634 1528 .

1501 1543 1582 1594 vl
1599 1581 1615 1606 ,
1642 1543 1771 1614 175:
1796 1542 2092 1594 :maximus
2110 1540 2282 1594 Atlas.
2301 1581 2316 1594 .
2339 1541 2520 1594 aethe-

1496 1641 1649 1676 reum
1691 1621 1786 1694 qui
1835 1621 1936 1674 fert
1976 1619 2274 1674 cervicibus
2307 1637 2460 1672 axem
2475 1646 2515 1672 ιο.

1496 1703 1620 1775 Ipse
1641 1703 1871 1756 Avienus
1887 1741 1903 1768 ,
1930 1699 2110 1754 Phaen.
2137 1699 2194 1752 in
2219 1697 2416 1754 Pleiad.
2436 1718 2516 1753 vs.

1501 1782 1602 1852 576
1619 1801 1632 1831 ε
1651 1781 1876 1834 «Pennus
1893 1780 2041 1836 Atlas
2056 1820 2071 1848 ‚
2093 1779 2249 1832 subiit
2263 1779 2411 1832 celate
2425 1778 2519 1850 qui

1498 1858 1734 1930 pondera
1771 1859 1926 1913 molis
1959 1859 2188 1922 causer,
2225 1869 2382 1928 atque
2413 1857 2520 1909 lm·

1497 1957 1648 1990 mero
1688 1956 1940 2008 magnum
1984 1956 2142 2008 super
2177 1933 2367 1990 aethern
2413 1948 2519 1987 tor-

1498 2028 1625 2088 quet
1643 2041 1686 2070 ι.
1704 2015 1803 2070 W.

1575 2113 1687 2148 102.
1719 2098 1933 2147 Vescitur
1972 2098 2169 2147 nubibus
2215 2096 2348 2146 axis.
2395 2093 2518 2147 Non

1494 2173 1705 2228 adridet
1764 2172 1964 2228 Heimii
2012 2176 2308 2246 conjectura
2357 2192 2520 2228 arces.

1496 2255 1700 2308 Verum
1729 2263 1806 2306 est
1833 2255 1975 2313 axis,
2002 2265 2160 2324 atque
2189 2273 2251 2306 ex
2274 2251 2518 2305 hocloco

1494 2331 1636 2407 apud
1681 2332 1897 2405 Dionys.
1943 2351 2018 2385 vs.
2063 2333 2132 2386 68
2175 2330 2514 2385 scribendum

1496 2413 1736 2466 existimo
1758 2410 1971 2486 ἔδραμον
1999 2414 2150 2480 ἄξων,
2164 2428 2334 2482 quum
2350 2423 2403 2465 et
2415 2412 2520 2465 Eu·

1496 2492 1716 2547 stathius
1757 2490 1825 2545 ad
1869 2510 1992 2545 eum
2031 2510 2241 2545 versum
2289 2490 2516 2545 scribat:

1494 2570 1690 2637 τινὶςὸὶ
1708 2576 1916 2627 ὄνταῦθοι
1932 2572 2041 2627 ἀντὶ
2057 2578 2142 2627 τοῦ
2157 2574 2364 2642 χάλκεος
2381 2574 2516 2631 κίων.

1496 2656 1699 2724 χάλκεος
1757 2654 1884 2717 ἄξων
1933 2654 2168 2725 γράφουσι
2189 2691 2226 2723 ‚t
2255 2674 2304 2706 κ.
2350 2674 2401 2706 τ.
2466 2661 2517 2705 λ.

1464 2780 1468 2785 .
1505 2734 1717 2785 restim
1759 2732 1958 2783 nubibus
1990 2732 2342 2802 (quamquam
2379 2731 2514 2783 Ven.

1500 2809 1664 2863 habet
1687 2810 1912 2877 nubilus)
1942 2808 2192 2863 illustrari
2217 2820 2388 2879 potest
2410 2809 2516 2863 hoc

1498 2888 1684 2953 Statii,
1703 2889 1874 2941 Theb.
1895 2889 1964 2949 V,
1989 2886 2052 2941 52
2072 2905 2089 2941 ε
2106 2913 2132 2933 ιι
2145 2887 2346 2959 ingenti
2359 2887 2516 2942 tellu-

1501 2987 1614 3021 rem
1631 2967 1901 3040 proximus
1915 2967 2104 3021 umbra
2115 2967 2287 3023 Vestit
2299 2968 2464 3022 Athos
2474 2993 2516 3019 ιο.

1501 3047 1660 3101 Scan.
1671 3048 1866 3101 Pariter
1875 3048 2057 3101 Avien.
2070 3046 2169 3101 Or.
2182 3048 2478 3118 mar.v.387
2500 3066 2514 3099 :

1501 3155 1526 3175 κ
1551 3127 1753 3182 Dehinc
1811 3128 1957 3201 quod
2011 3128 2231 3181 aethram
2285 3124 2520 3198 quodam

1503 3209 1698 3262 amictu
1711 3209 1898 3263 vestiat
1910 3207 2146 3279 Caligon.
2163 3208 2316 3260 Conf.
2337 3218 2388 3259 et
2406 3206 2522 3260 haec
2563 3268 2570 3275 ,

1501 3288 1652 3360 Virg.
1671 3293 1794 3343 AEn.
1818 3290 1923 3353 IV,
1947 3289 2072 3352 248:
2097 3286 2356 3339 ..Atlantis
2373 3322 2390 3345 ‚
2412 3285 2524 3340 cin·

1503 3380 1645 3421 ctum
1673 3367 1883 3422 assidue
1911 3367 1996 3419 cui
2021 3365 2252 3418 nubibus
2275 3363 2403 3417 atria
2427 3362 2519 3417 Pi-

1504 3446 1732 3501 nifer-um
1757 3459 1944 3518 caput,
1958 3456 2011 3499 et
2027 3456 2188 3497 vento
2206 3443 2448 3515 pulsatur
2469 3458 2524 3498 et

1505 3526 1715 3579 imbri».
1739 3524 1842 3581 W.
1873 3526 2152 3576 —Nubilus
2181 3526 2297 3575 axis
2324 3522 2526 3578 habent

1503 3608 1642 3661 Ven.
1667 3618 1720 3659 et
1743 3604 1903 3677 Cusp.
1931 3602 2024 3657 sed
2051 3604 2250 3655 arabibus
2276 3603 2522 3657 emendat

1505 3685 1654 3739 Cam.
1683 3684 1749 3738 ad
1775 3682 2023 3737 Priscian.
2040 3701 2114 3736 vs.
2134 3682 2202 3753 73
2229 3701 2242 3735 τ
2273 3682 2525 3737 exhibent

1506 3783 1717 3839 quoque
1735 3760 1959 3815 vadian.
1982 3774 2036 3816 et
2054 3761 2272 3834 reliqui:
2309 3768 2366 3819 τὸ
2385 3784 2526 3817 arcos

1508 3845 1652 3919 quod
1691 3842 1916 3916 conjecit
1951 3840 2197 3895 Heinsius
2235 3844 2526 3914 reproban-

1510 3925 1639 3979 dum
1674 3936 1767 3977 est.
1791 3923 1892 3977 En.

1585 4023 1606 4057 1
1617 4004 1701 4058 03.
1724 4006 1953 4056 Iber-icus.
1970 4003 2172 4056 Veneta
2185 4001 2384 4073 ubique
2397 4002 2522 4072 legit

1508 4086 1781 4144 Hibericas,
1809 4102 1906 4136 nec
1935 4082 2084 4137 aliter
2099 4081 2156 4134 in
2175 4080 2344 4133 Inscr.
2367 4080 2519 4133 Grut.

1507 4184 1560 4235 p.
1579 4168 1681 4232 690
1698 4182 1778 4226 ,n.
1805 4160 1855 4227 5,
1873 4180 1925 4235 p.
1949 4166 2050 4226 416
2071 4200 2084 4225 ,
2107 4178 2158 4212 n.
2181 4162 2233 4211 6.
2254 4157 2371 4211 vid.
2393 4156 2528 4215 Cen.
