2996 4685
245 404 1405 426 mmmmmmmmmmmmfl
1411 407 2405 431 Qmmmmmmmm

425 684 1218 765 PRAEMONITIO
1281 685 1579 765 NOVI
1647 688 2237 768 EDITORIS.

259 1207 459 1308 Duo
503 1238 644 1303 haec
687 1253 1016 1326 poemata,
1053 1237 1138 1302 ab
1169 1238 1479 1302 omnibus
1520 1241 2148 1306 commentatoribus
2194 1243 2413 1308 hacte-

259 1367 394 1408 nus
429 1345 750 1434 neglecta,
787 1360 854 1408 et
883 1345 1018 1410 fere
1054 1346 1223 1434 typis
1256 1345 1533 1426 intacta,
1570 1367 1717 1434 quae
1744 1344 2235 1413 Wernsdorfius
2266 1373 2420 1438 pro-

259 1451 461 1516 missa
513 1450 780 1540 quidem
803 1501 822 1535 ,
875 1453 1011 1517 fato
1061 1470 1420 1542 praereptus
1443 1501 1462 1534 ,
1509 1475 1645 1516 non
1694 1451 1933 1536 edidit,
1990 1477 2109 1520 nos
2156 1459 2377 1545 paucis
2399 1507 2418 1541 ,

261 1581 429 1648 quas
491 1557 793 1624 conferre
845 1558 1057 1638 licuit,
1109 1557 1511 1623 editionibus
1568 1581 1643 1622 ac
1702 1560 2157 1649 manuscriptis
2212 1561 2417 1642 adjuti

259 1664 526 1756 prodire
552 1664 882 1744 jubemus.
927 1666 1178 1729 Eorum
1215 1681 1443 1730 auctor
1479 1665 1743 1730 Graecus
1779 1666 2020 1731 Aratus
2059 1684 2174 1732 est.
2208 1668 2418 1732 Natus

261 1773 334 1836 in
381 1771 546 1836 urbe
587 1773 860 1854 Ciliciae,
916 1771 1088 1836 dicta
1141 1772 1339 1854 Solae,
1379 1793 1525 1859 quae
1576 1769 1882 1860 deinceps
1938 1773 2420 1864 Pompeiopolis

261 1894 491 1943 vocata
531 1894 648 1942 est.
685 1877 861 1941 Vixit
891 1877 1296 1966 temporibus
1337 1877 1671 1966 Ptolemaei
1708 1877 2144 1968 Philadelphi,
2178 1898 2245 1944 et
2282 1887 2420 1947 An·

263 1986 497 2074 tigono
525 1983 964 2048 Macedonum
1002 1983 1136 2073 regi
1170 1983 1286 2071 qui
1321 2005 1605 2073 regnum
1636 1985 1927 2072 suscepit
1954 1986 2122 2049 circa
2155 1990 2424 2052 centesi-

264 2115 440 2156 mam
480 2091 776 2179 quintam
817 2087 1214 2178 olympiada,
1247 2088 1579 2152 familiaris
1611 2089 1754 2152 fuit.
1806 2090 2027 2172 Quare
2058 2092 2239 2179 quod
2274 2095 2422 2182 qui·

265 2197 417 2263 dam
451 2197 752 2263 dictitant.
785 2197 966 2261 illum
1007 2196 1243 2262 vixisse
1282 2194 1516 2260 eodem
1552 2212 1881 2285 tempore,
1925 2220 2061 2285 quo
2094 2199 2424 2266 Nicander

265 2303 718 2393 Colophonius
746 2302 1214 2368 Theriacorum
1251 2301 1550 2390 scriptor,
1588 2318 1654 2366 et
1693 2317 2053 2393 utrumque
2088 2305 2271 2371 alteri
2303 2330 2421 2373 sua

265 2412 504 2501 scripta
550 2409 974 2476 examinanda
1019 2408 1425 2491 exhibuisse,
1463 2408 1647 2473 hunc
1680 2408 1772 2472 illi
1816 2434 1931 2474 sua
1960 2412 2308 2498 Theriaca,
2356 2431 2423 2479 et

265 2519 452 2582 illum
483 2518 642 2581 huic
683 2540 800 2581 sua
831 2516 1305 2597 Phoenomena,
1343 2515 1685 2580 manifeste
1724 2514 1957 2581 falsum
2008 2536 2124 2583 est.
2173 2520 2417 2585 Nican-

269 2624 466 2689 drum
505 2625 682 2687 enim
705 2622 1054 2687 duodecim
1082 2624 1238 2688 totis
1259 2622 1743 2712 olympiadibus
1766 2627 2195 2712 posteriorem
2216 2630 2418 2699 fuisse

270 2729 556 2819 adparet.
589 2731 822 2793 Aratus
854 2727 1121 2816 quidem
1156 2728 1582 2817 quadraginta
1616 2729 1875 2794 circiter
1906 2731 2281 2833 Graecotzum
2312 2740 2417 2803 in·

269 2854 628 2925 terpretum
658 2833 922 2899 scholiis
954 2849 1182 2897 auctus
1215 2849 1349 2897 est:
1373 2835 1824 2898 Romanorum
1850 2858 2029 2918 vern,
2048 2838 2220 2904 inter
2247 2866 2415 2931 quos

271 2943 695 3010 Germanicus
728 2942 942 3006 Caesar
972 2958 1040 3006 et
1081 2940 1175 3005 M.
1218 2940 1296 3005 Τ.
1331 2940 1601 3022 Cicer0,
1640 2938 1925 3031 denique
1961 2944 2101 3032 ipse
2138 2948 2415 3017 Ovidius

273 3069 336 3116 et
361 3052 650 3153 Avienus
685 3065 927 3132 noster,
967 3047 1470 3139 diligentissimis
1501 3048 1673 3112 curis
1710 3049 1894 3113 Latio
1926 3050 2229 3119 donatus.
2266 3058 2419 3125 Haec

274 3157 536 3247 quidem
572 3156 998 3245 Metaphrasis
1035 3152 1396 3221 doctissimi
1425 3154 1547 3217 viri
1578 3154 1702 3220 Th.
1737 3155 1951 3220 Buhlii
1976 3156 2229 3239 judicio
2262 3186 2420 3251 prte-

275 3265 739 3331 stantissimum
786 3263 1012 3327 Avieni
1055 3286 1314 3327 carmen
1366 3278 1541 3326 recte
1589 3261 1944 3327 aestimatur
1963 3311 1982 3344 ,
2041 3282 2108 3329 et
2158 3267 2419 3335 videtur

277 3372 466 3437 etiam
514 3386 847 3459 postremo
897 3370 1046 3433 loco
1087 3368 1170 3433 ab
1214 3391 1295 3433 eo
1340 3368 1667 3433 elaborata
1722 3391 1882 3435 esse.
1936 3371 2297 3463 Distinguit
2349 3402 2419 3443 se

279 3480 560 3544 Avienus
590 3499 629 3540 a
648 3476 964 3541 Cicerone
990 3491 1057 3538 et
1074 3475 1462 3540 Germanico
1488 3476 1779 3563 primum
1813 3476 2090 3542 maxime
2117 3502 2217 3564 e0,
2236 3486 2419 3571 quod

280 3587 546 3651 Aratum
573 3582 830 3648 fidelius
856 3582 1270 3671 expresserit3
1293 3604 1496 3671 quare
1518 3605 1655 3647 non
1686 3584 1903 3648 solum
1926 3586 2416 3678 paraphrasten,

278 3693 389 3757 sed
438 3695 632 3758 etiam
683 3694 1106 3779 interpretem
1158 3692 1334 3756 Arati
1379 3714 1571 3780 agere
1616 3714 1770 3756 eum
1819 3694 1951 3758 Jos.
2003 3694 2286 3787 Scaliger
2334 3702 2417 3765 ad

279 3800 644 3880 Manilium,
677 3820 815 3887 pag.
851 3796 955 3878 51,
988 3819 1138 3859 vere
1157 3795 1489 3877 judicavit.
1520 3796 1728 3862 Porro
1752 3821 1897 3886 quae
1925 3803 2187 3881 Aratus,
2220 3822 2417 3895 atque

280 3906 464 3969 etiam
517 3905 745 3969 Cicero
795 3920 861 3967 et
913 3902 1337 3967 Germanicus
1387 3902 1617 3967 leviter
1662 3920 1919 3968 tantum
1975 3909 2418 4001 strinxerunt,

281 4012 629 4101 paucisque
677 4008 891 4075 verbis
950 4007 1454 4091 adumbrarunt,
1506 4032 1581 4073 ea
1632 4010 1840 4075 fusius
1890 4034 2315 4103 exponuntur
2358 4040 2423 4087 et

280 4119 526 4183 clariori
581 4118 648 4181 in
696 4118 842 4183 luce
892 4116 976 4182 ab
1029 4116 1279 4181 Avieno
1325 4116 1775 4207 proferuntur.
1832 4120 2279 4210 Persequutus
2326 4146 2427 4195 est

2066 4227 2179 4315 34.
