2996 4685
375 403 382 410 .
519 322 610 407 48
935 322 1074 390 DE
1113 321 1781 390 CARMINIBUS
1846 319 2273 404 AVIENI„
2330 397 2333 402 ¹

512 453 714 518 veteri
767 451 1004 516 scheda
1052 449 1316 514 inscribi
1369 449 1695 514 AVIENO
1748 450 1829 514 V.
1888 450 1961 514 C.
2017 463 2289 516 testatur
2323 477 2369 508 υ.
2456 444 2649 534 Apud

516 560 842 625 Pithoeum
877 557 1012 623 duo
1047 543 1316 622 extremi
1358 579 1581 622 versus
1619 556 2067 622 desiderantur
2085 602 2106 637 ,
2148 555 2264 644 qui
2310 569 2528 618 tamen
2578 553 2645 617 in

513 666 806 731 Scriverii
857 683 922 730 et
966 665 1104 731 aliis
1145 665 1450 730 Martialis
1493 663 1890 730 editionibus
1926 662 2456 752 subjunguntur,
2506 675 2573 724 et
2612 682 2651 724 a

513 774 887 839 Burmanno
919 772 986 836 in
1020 770 1250 836 codice
1269 772 1586 836 Vossiano
1609 771 1691 835 ab
1720 769 1991 834 Heinsio
2020 767 2283 848 collate,
2304 765 2648 847 Wittiano,

515 893 580 942 et
611 875 868 941 duobus
901 877 1036 942 aliis
1066 877 1396 941 Vossianis
1427 877 1668 964 reperti
1700 891 1877 942 sunt.
1913 871 1989 953 4⁰
2010 874 2128 939 His
2162 873 2469 938 brevibus
2506 893 2649 935 car-

517 983 804 1047 minibus
861 999 1096 1071 quarto
1146 984 1292 1047 loco
1353 997 1857 1047 monumentum
1902 982 2091 1045 Festo
2133 979 2383 1043 Avieno
2428 1001 2477 1046 a.
2516 975 2648 1042 filio

515 1089 773 1154 Placido
806 1089 1094 1178 positum
1112 1137 1131 1172 ,
1163 1104 1229 1153 et
1256 1089 1549 1154 versibus
1582 1089 1896 1177 scriptum
1911 1135 1932 1169 ,
1955 1081 2487 1174 subjungendum
2522 1106 2648 1173 pu·

511 1194 658 1261 tavi.
688 1195 912 1278 Quum
941 1194 1116 1258 enim
1145 1194 1361 1282 priore
1387 1194 1559 1258 illius
1596 1211 1777 1282 parte
1812 1194 1951 1282 ipse
1986 1193 2298 1281 loquatur
2324 1189 2609 1254 Avienus
2624 1238 2644 1271 ,

512 1317 588 1365 ut
613 1300 818 1389 possit
841 1322 962 1388 pro
990 1300 1193 1388 ipsius
1221 1300 1506 1365 carmine
1534 1299 1763 1364 haberi
1778 1347 1797 1381 ,
1828 1314 2024 1386 atque
2052 1296 2243 1362 nobis
2266 1296 2399 1377 jam
2428 1295 2645 1384 plures

511 1410 650 1486 ejus
679 1429 902 1471 versus
937 1406 1060 1470 hac
1093 1407 1164 1471 in
1196 1406 1571 1496 praefatione
1610 1403 1933 1470 excitandi
1973 1402 2463 1492 explicandique
2498 1403 2645 1466 fue-

511 1513 677 1593 rint,
709 1513 934 1576 referri
980 1535 1134 1576 sane
1172 1510 1256 1576 ad
1288 1512 1577 1576 carmina
1601 1511 1830 1576 Avieni
1871 1509 2274 1590 merebatur,
2304 1524 2501 1595 atque
2532 1530 2641 1570 ex-

510 1634 676 1682 stare
708 1617 946 1682 alicubi
975 1619 1304 1707 integrum
1337 1619 1406 1681 in
1444 1633 1663 1681 nostra
1700 1617 2080 1681 collectione
2111 1614 2405 1679 debebat.

595 1843 706 1906 VI.
753 1843 853 1906 Ex
883 1842 1065 1908 libris
1092 1844 1318 1908 Avieni
1348 1843 1698 1932 deperditis
1734 1839 2169 1906 memorandae
2208 1852 2363 1902 sunt
2386 1835 2649 1923 Virgzlic'

487 1947 780 2034 fabuloe,
823 1963 890 2012 et
938 1949 1102 2013 Livii
1132 1949 1410 2014 historice
1457 1949 1687 2014 iambis
1738 1969 2051 2038 expressae
2099 1945 2181 2010 ab
2228 1943 2517 2023 Avieno,
2564 1957 2640 2005 ut

508 2053 721 2144 prodit
747 2053 1004 2116 Servius
1026 2051 1110 2116 ad
1134 2053 1308 2141 Virg.
1335 2053 1489 2118 AEn.
1513 2055 1612 2135 X,
1648 2075 1741 2139 vs.
1772 2075 1897 2140 272
1930 2067 1997 2114 et
2024 2050 2175 2115 388.
2206 2047 2540 2112 Fabricius
2565 2046 2635 2108 in

505 2159 811 2224 Biblioth.
836 2159 969 2223 Lat.
997 2160 1208 2222 solum
1243 2160 1506 2238 Livium⁴
1528 2139 1763 2224 'iambis
1786 2159 2101 2248 scriptum
2131 2157 2454 2245 agnoscit,
2499 2178 2637 2218 non

503 2286 688 2352 aeque
722 2264 1097 2353 Virgilium,
1119 2279 1185 2327 et
1206 2264 1274 2327 in
1300 2249 1449 2327 loco
1473 2264 1678 2328 Servii
1702 2265 1856 2330 AEn.
1882 2266 1979 2345 X,
2013 2261 2139 2328 388
2156 2312 2173 2346 ,
2206 2263 2399 2328 verba
2430 2263 2499 2324 V
2490 2263 2641 2349 irgi-

505 2370 659 2460 lium
701 2384 763 2433 et
802 2370 1021 2457 spuria
1065 2390 1203 2432 esse
1250 2385 1456 2457 putat.
1514 2368 1641 2434 Sed
1690 2370 1963 2434 alterum
2004 2370 2223 2434 locum
2258 2368 2462 2433 Servii
2496 2388 2631 2431 non

502 2474 1019 2542 consideraverat
1046 2475 1146 2538 vir
1175 2497 1472 2539 summus
1491 2524 1511 2557 ,
1538 2476 1654 2539 ubi
1678 2476 1923 2567 Virgilii
1961 2476 2193 2541 fabulae
2220 2474 2449 2540 iambis
2478 2475 2635 2539 scri-

499 2598 626 2671 ptae
647 2580 884 2645 diserte
909 2597 1371 2646 memorantur.
1397 2581 1833 2671 Metaphrases
1861 2583 2061 2647 fuisse
2081 2583 2244 2647 Livii
2268 2598 2333 2646 et
2347 2580 2628 2671 Virgilii,

501 2703 579 2751 ut
613 2702 767 2750 sunt
798 2684 979 2749 Arati
1016 2703 1081 2749 et
1115 2685 1449 2774 Dionysii,
1495 2687 1789 2776 plerique
1812 2687 2103 2768 judicare
2132 2684 2370 2751 eruditi
2403 2684 2628 2751 viden-

500 2808 642 2873 tur,
681 2790 794 2855 sed
829 2790 962 2854 falli
995 2812 1104 2855 eos
1131 2790 1316 2857 facile
1341 2792 1689 2874 concedet,
1721 2794 1837 2882 qui
1870 2794 2143 2885 cogitet,
2172 2816 2367 2882 quam
2392 2793 2629 2857 incon-

495 2890 670 2965 ditus
702 2915 768 2962 et
799 2914 1015 2962 vastus
1032 2945 1051 2980 ,
1084 2921 1277 2985 quam
1306 2922 1460 2964 vero
1489 2900 1682 2963 etiam
1716 2900 1961 2965 inutilis
1988 2916 2055 2964 et
2078 2922 2281 2965 vanus
2313 2898 2496 2963 labor
2519 2898 2628 2962 hic

493 3008 757 3070 futurus
801 3004 1030 3069 fuisset
1045 3052 1062 3085 ,
1099 3006 1153 3068 si
1187 3003 1450 3092 quidem
1480 3005 1823 3097 Virgilium
1873 3021 1939 3070 et
1981 3007 2232 3071 Livium
2276 3021 2489 3071 totum
2506 3055 2525 3089 ,
2559 3021 2629 3069 at

495 3128 776 3203 quantos
802 3109 1004 3175 libros
1029 3112 1042 3175 !
1082 3133 1216 3175 non
1244 3110 1459 3193 aliter,
1498 3134 1694 3199 quam
1722 3112 1952 3177 iambis
1980 3135 2325 3177 conversos
2356 3110 2629 3176 reddere

491 3234 560 3283 et
590 3216 956 3283 describere
989 3216 1316 3281 voluisset.
1363 3217 1575 3306 Igitur
1624 3217 1849 3283 fecisse
1894 3218 2056 3283 mihi
2096 3218 2375 3282 Avienus
2424 3218 2494 3282 -in
2545 3218 2625 3283 iis

489 3324 670 3388 libris
696 3322 974 3405 videtur,
1006 3321 1188 3411 quod
1215 3322 1845 3388 multiGrammatici
1880 3326 1983 3388 vel
2018 3340 2223 3413 poetoe
2260 3323 2623 3389 scholastici

491 3428 817 3509 solebant,
855 3428 968 3516 qui
998 3429 1281 3493 themata
1306 3428 1653 3517 Virgiliana
1688 3452 1768 3493 ex
1798 3431 2001 3494 certis
2030 3431 2188 3496 locis
2230 3444 2438 3518 poetae
2470 3430 2619 3493 seli-

491 3532 760 3625 gebant‚
787 3547 980 3620 atque
1012 3557 1090 3598 ex
1120 3534 1198 3598 iis
1233 3533 1476 3613 majore
1511 3557 1817 3599 versuum
1850 3558 2128 3601 numero
2160 3536 2468 3625 expositis
2496 3537 2626 3600 sin·

489 3620 746 3731 gularia'
779 3638 1059 3702 carmina
1103 3638 1488 3705 efficiebant.
1533 3642 1705 3706 Hinc
1730 3642 2019 3707 Avienus
2056 3664 2191 3706 non
2231 3643 2617 3707 continuum

491 3766 658 3835 opus
687 3744 1016 3835 poeticum
1054 3768 1089 3809 e
1125 3765 1442 3835 perpetuo
1463 3748 1716 3838 Virgilii
1756 3766 1823 3813 et
1860 3749 2023 3814 Livii
2056 3765 2235 3813 textu
2266 3750 2335 3815 in
2367 3750 2617 3814 iambos

486 3873 804 3918 converso
821 3852 1133 3934 confecit,
1155 3852 1273 3918 sed
1292 3877 1548 3920 summa
1564 3878 1783 3927 rerum
1810 3858 2015 3946 capita
2030 3901 2049 3937 ,
2076 3856 2388 3920 exstantia
2412 3858 2576 3921 facta
2596 3904 2615 3937 ,

485 3956 784 4022 historias
823 3972 890 4021 et
931 3955 1176 4021 fabulas
1218 3960 1478 4047 selectas
1522 3984 1818 4027 seorsum
1862 3962 2163 4051 exposuit
2179 4010 2199 4045 ,
2244 3978 2310 4027 et
2364 3960 2448 4027 de
2491 3984 2619 4026 suo

481 4063 767 4145 ornavit,
811 4061 1044 4128 ordine
1089 4080 1304 4129 tamen
1349 4066 1667 4132 librorum
1724 4084 1995 4133 servato.
2034 4070 2189 4151 ‚Hoc
2230 4069 2351 4133 nisi
2392 4085 2617 4164 tenea·
2686 4152 2695 4159 ·
