2996 4685
740 404 882 477 AD
943 404 1490 476 DESCRIPT.
1546 407 1777 476 ORB.
1831 396 2226 475 TERRAE.
2436 401 2529 501 95

400 537 769 601 communis
799 536 1047 600 Avieno
1099 538 1286 626 culpa
1338 558 1470 600 non
1526 537 1737 601 solum
1791 558 1943 600 cum
1988 537 2191 600 altero
2234 534 2531 625 Dionysii

403 643 755 731 interprete
805 642 1136 706 Prisciano
1192 659 1320 725 est,
1372 643 1486 708 sed
1535 658 1603 707 et
1660 665 1811 707 cum
1864 642 2001 707 aliis
2064 640 2535 706 recentioribus

401 747 805 837 geographiae
834 748 1258 836 scriptoribus
1276 797 1294 831 ,
1317 748 1496 837 quod
1526 748 1687 812 nihil
1708 747 1885 812 aliud
1899 796 1918 829 ,
1940 770 2138 835 quam
2167 745 2429 812 traditas
2454 747 2535 811 ab

401 854 684 942 antiquis
733 856 1027 943 gentium
1079 871 1146 919 et
1193 873 1514 921 terrarum
1567 854 2032 943 descriptiones
2077 870 2406 943 repetant,
2453 854 2537 917 de
2618 908 2625 916 .

403 959 876 1024 mutationibus
910 976 1094 1025 tanto
1122 976 1491 1050 temporum
1521 960 1730 1048 spatio
1762 959 1945 1024 factis
1962 1007 1981 1042 ,
2008 959 2092 1024 de
2122 959 2317 1025 motis
2345 975 2540 1025 terra-

401 1086 549 1129 rum
597 1063 872 1147 finibus,
903 1064 985 1129 de
1032 1066 1218 1130 novis
1257 1066 1587 1155 gentium,
1610 1064 1907 1145 urbium,
1933 1066 2227 1129 locorum
2261 1066 2543 1130 nomini-

365 1214 378 1225 ·
401 1168 528 1235 bus
551 1170 790 1235 exortis
814 1171 1004 1258 plane
1028 1171 1238 1235 securi
1267 1170 1399 1236 sint
1414 1219 1432 1254 ,
1458 1192 1675 1259 neque
1696 1170 2054 1258 quidquam
2072 1192 2296 1234 earum
2315 1192 2536 1235 rerum

403 1299 482 1339 ex
527 1276 794 1341 historia
843 1292 909 1340 et
955 1275 1268 1342 memoria
1303 1292 1677 1366 temporum
1710 1276 1793 1341 ad
1830 1276 2285 1366 geographiam
2327 1298 2541 1341 emen-

403 1380 684 1445 dandam
730 1382 1030 1446 conferre
1061 1370 1282 1447 veli'nt.
1333 1383 1697 1447 Historicus
1730 1382 1931 1465 adeo,
1962 1382 2191 1448 Avieni
2238 1382 2500 1470 oequalis
2522 1430 2539 1464 ,

407 1486 790 1552 Ammianus
841 1486 1124 1553 Marcell.
1175 1488 1291 1553 ubi
1327 1487 1413 1554 ad
1454 1490 1619 1554 situs
1664 1503 1983 1553 terrarum
2031 1504 2098 1553 et
2140 1489 2535 1579 populorum

401 1590 862 1657 describendos
918 1590 1233 1674 defertur,
1287 1593 1699 1660 Herodotum
1714 1643 1732 1671 ‚
1772 1593 2304 1677 Eratosthenem,
2342 1594 2537 1658 Sallu-

401 1698 598 1762 stium
619 1744 640 1779 ,
672 1697 1020 1787 scriptores
1067 1698 1226 1763 alios
1274 1698 1579 1788 antiquos
1627 1698 1949 1764 exscribit.
1998 1700 2323 1765 Coeterum
2358 1698 2539 1763 hunc

404 1803 628 1867 saltem
660 1825 857 1866 usum
885 1802 1164 1867 Avienus
1197 1803 1645 1869 transferendo
1677 1804 1997 1894 Dionysio
2028 1820 2345 1893 spectasse
2366 1804 2557 1868 vide-⁶

407 1921 535 1987 tur,
555 1922 630 1969 ut
650 1906 916 1970 brevem
936 1906 1116 1971 rudis
1139 1908 1544 1997 geographiae
1562 1909 2031 1997 expositionem
2047 1956 2066 1991 ‚
2086 1910 2290 1998 qualis
2312 1910 2537 1973 saltem

406 2008 488 2072 ad
543 2008 994 2102 intelligendos
1046 2026 1272 2097 poetas
1316 2026 1564 2075 veteres
1606 2010 1935 2077 sufficiens
1983 2029 2151 2077 esset
2164 2060 2183 2095 ‚
2218 2036 2255 2076 a
2313 2013 2541 2078 Graeco

407 2130 672 2181 auctore
705 2132 1033 2205 acceptam
1068 2116 1376 2181 Romanis
1408 2116 1787 2181 hominibus
1820 2139 2076 2183 amoeno
2110 2133 2175 2183 et
2207 2119 2543 2183 luculento

407 2220 691 2285 oermine
735 2220 1038 2285 traderet.
1071 2224 1268 2287 Hunc
1300 2245 1496 2288 usum
1544 2224 1900 2290 etiamnum
1937 2224 2135 2289 hodie
2179 2247 2215 2288 e
2264 2224 2541 2314 legendo

408 2326 652 2391 Avieno
677 2349 906 2417 capere
932 2327 1114 2412 licet,
1138 2344 1332 2417 atque
1356 2328 1586 2394 insunt
1608 2330 1802 2396 etiam
1836 2330 1953 2396 alia
1970 2378 1988 2412 ,
2014 2353 2157 2419 quoe
2180 2329 2265 2396 ad
2294 2330 2547 2420 mytho.

402 2432 638 2522 logiam
659 2481 677 2516 ,
695 2431 777 2498 ad
796 2433 1125 2500 latinitatis
1149 2450 1217 2500 et
1234 2436 1471 2525 poetici
1487 2438 1807 2502 sermonis
1824 2438 2157 2502 scientiam
2175 2437 2537 2529 augendam

407 2537 614 2603 facere
643 2556 906 2627 queant.
936 2539 1064 2638 Sed
1094 2540 1180 2607 ad
1208 2541 1424 2630 ipsum
1457 2565 1626 2631 opus
1653 2565 1835 2608 nunc
1860 2541 2259 2609 accedamus.
