2996 4685
716 440 1342 511 DESCRIPTIO
1395 441 1685 507 ORBIS
1736 440 2111 508 TERRAE.

2349 440 2486 535 293

449 562 830 632 persultant
869 564 1132 657 cygnis,
1174 585 1374 629 curva
1413 560 1595 629 sedet
1638 562 1935 656 undique
1973 565 2115 657 ripa

451 674 708 744 Crebra
746 672 914 759 ales,
967 672 1132 741 laetis
1177 672 1549 765 adsurgunt
1590 673 1894 766 gramina
1935 676 2227 767 campis,

351 866 442 919 ubi
463 868 709 934 armigera
724 864 895 919 Pallas
915 865 1114 917 dicitur
1128 904 1144 925 ,
1183 883 1300 937 quae
1340 884 1372 917 a

352 943 658 999 melioribus
680 948 913 1015 aranfer-a
928 984 944 1007 ‚
970 958 1023 999 et
1039 964 1088 997 v.
1107 948 1373 1013 601fiami-

345 1044 480 1091 geroe
519 1030 668 1078 nubes
677 1066 696 1089 ,
729 1044 826 1097 pro
872 1044 980 1097 quo
1013 1025 1208 1096 virgil.
1249 1030 1370 1079 AEn.

349 1104 488 1157 VIII
506 1142 524 1168 ,
559 1105 659 1159 355
674 1146 692 1172 ,
711 1132 736 1151 ι
751 1106 1051 1160 fumiferam
1091 1118 1300 1158 noctem
1313 1132 1338 1150 ιο
1354 1144 1370 1169 ,

349 1195 402 1236 et
418 1186 538 1237 AEn.
555 1184 636 1237 IX
651 1224 667 1249 ‚
689 1186 790 1239 533
811 1202 826 1237 :
853 1212 878 1231 a
894 1186 1168 1239 fumiferos
1187 1185 1334 1257 ignes
1347 1212 1370 1229 ι·

348 1263 494 1317 dicit.
507 1265 698 1319 Fateor
709 1279 888 1320 tamen
901 1266 1004 1320 alia
1015 1266 1176 1337 hujus
1185 1266 1370 1319 formo

348 1344 418 1396 ab
439 1345 638 1399 Avieno
654 1346 924 1419 usurpari,
940 1345 1098 1418 quale
1115 1358 1196 1398 est
1213 1363 1367 1399 versu

347 1423 568 1494 praeced.
593 1428 795 1495 vitifera
819 1430 977 1479 Tmoli
999 1446 1126 1488 arx,
1157 1444 1205 1479 v.
1237 1432 1368 1489 ¹044

349 1528 371 1549 ι
388 1502 585 1575 pinifer
609 1504 795 1559 Casius
811 1531 837 1551 ι·
854 1543 872 1569 ,
897 1524 948 1557 v.
982 1504 1114 1559 1235
1143 1505 1367 1557 «imbri-

347 1582 428 1635 fer
450 1583 691 1637 Austern.
719 1585 1169 1639 W.-Petronius
1192 1598 1368 1638 tamen

345 1674 529 1715 contra
571 1665 884 1718 sententiam
911 1660 1175 1719 Wernsd.
1205 1663 1368 1717 Pana-

345 1739 414 1793 da
442 1746 735 1813 armigeram
761 1761 870 1797 non
896 1746 1180 1811 armifer-am
1201 1742 1336 1796 dixit
1353 1785 1368 1809 ‚

345 1818 400 1871 in
439 1822 621 1894 Epigr.
659 1822 808 1896 quod
854 1821 1030 1876 adfert
1067 1824 1364 1876 Burmann.

345 1898 504 1952 Δηὼ.
527 1902 642 1954 Lat.
671 1912 710 1953 t.
732 1902 789 1964 1,
813 1919 936 1976 pag.
960 1901 1080 1954 581.
1098 1900 1203 1952 En.

415 1996 535 2050 997.
567 1988 703 2031 Arva
743 1982 938 2031 canoris
978 1984 1255 2031 Persultam
1291 2001 1368 2045 cy·

339 2060 471 2126 gnis.
511 2058 809 2113 Withoflus
871 2062 1151 2110 Persuleans
1205 2059 1368 2112 modo

345 2148 517 2190 mutat
543 2139 597 2191 in
616 2143 913 2207 persultant.
941 2141 1055 2191 An:
1089 2156 1254 2192 «arva
1282 2158 1369 2192 ca-

345 2236 508 2271 norus
534 2216 798 2274 Persultat
822 2238 1023 2292 cygnus
1040 2218 1100 2271 ἱ)-
1119 2218 1370 2291 Sequitur

344 2295 520 2350 enim:
550 2316 748 2354 «ουκ-να
789 2297 939 2353 sedet
978 2298 1217 2372 undique
1253 2300 1364 2371 ripa

344 2377 542 2432 Creber
562 2378 678 2432 olos
694 2403 739 2432 ι.
757 2379 920 2432 Rutil.
943 2379 968 2431 I
984 2417 1000 2444 ,
1021 2383 1154 2448 629:
1186 2405 1208 2426 ι
1225 2379 1368 2431 Tum

344 2474 690 2529 responsuros
719 2459 974 2530 persultat
1005 2459 1230 2513 buccina
1260 2459 1369 2510 col·

347 2535 480 2590 les».
503 2538 956 2592 Saum—Caum&
979 2541 1262 2590 Per-sulcans
1287 2559 1369 2598 cr·

339 2620 452 2683 gnis
471 2617 609 2671 Ven.
643 2619 808 2690 Cusp.
841 2631 894 2672 et
923 2618 1068 2672 Pith.
1094 2622 1372 2670 Per-sultam

345 2695 562 2749 Camers
585 2697 655 2751 ad
680 2697 845 2751 Prisc.
868 2697 970 2768 793
989 2707 1042 2749 et
1061 2696 1201 2750 vad.
1223 2700 1373 2766 cygni

345 2773 507 2826 habet
535 2775 718 2828 Ambr.
752 2775 880 2831 hinc
914 2775 1094 2828 Heins.
1132 2787 1186 2828 et
1220 2775 1366 2846 Higt.

345 2856 483 2927 conj.
511 2875 632 2908 arva
667 2859 842 2907 canori
876 2860 1155 2908 Per-sultam
1195 2859 1339 2925 cygni
1349 2895 1365 2916 ,

344 2933 438 2987 sed
465 2935 673 3007 vulgata
696 2935 854 2988 lectio
881 2939 1078 2987 canoris
1103 2938 1268 3004 cygnis
1293 2953 1370 2987 re-

345 3026 428 3067 cte
460 3013 766 3070 defenditur
809 3035 840 3070 a
885 3017 950 3069 cl.
990 3016 1152 3069 Fries.
1188 3015 1370 3068 firma-

345 3103 536 3165 turque
577 3095 734 3148 simili
775 3096 897 3150 loco
931 3115 979 3150 v.
1015 3097 1144 3163 939:
1173 3095 1370 3148 -nullis

345 3191 598 3242 pecorum
612 3175 868 3228 balatibus
881 3175 995 3246 agri
1010 3175 1306 3227 persultant
1327 3201 1368 3224 u.

345 3251 509 3304 Porro
547 3272 716 3304 curvas
755 3257 845 3304 sed
881 3269 930 3303 et
976 3255 1188 3320 undique
1231 3256 1368 3320 ripas

346 3330 484 3383 Ven.
505 3331 644 3383 Pith.
663 3334 796 3382 sedec
821 3334 1038 3398 undt'que
1055 3334 1188 3398 ripas
1207 3333 1364 3401 Cusp-

347 3420 396 3462 et
429 3408 517 3463 ed.
545 3408 755 3462 Madrit.
790 3411 946 3459 curvis
980 3413 1116 3460 sedet
1153 3412 1368 3477 undique

346 3492 462 3558 ripis
494 3489 658 3542 edidit
689 3487 825 3541 vad.
861 3486 976 3538 Hoc
1011 3487 1166 3540 etiem
1202 3488 1368 3540 Brou-

347 3568 573 3623 khusius
625 3568 955 3642 conjiciebat.
1012 3566 1185 3638 Atque
1239 3565 1368 3620 hinc

344 3647 670 3703 Schraderus
694 3667 792 3720 pro
827 3651 962 3700 sedet
993 3647 1142 3700 malit
1174 3651 1366 3714 strepit,

345 3739 398 3780 et
437 3729 630 3800 probat
663 3727 818 3780 simul
854 3727 1164 3780 sententiam
1195 3725 1365 3778 Brou-

346 3807 546 3873 ckusii,
571 3808 664 3878 qui
700 3811 857 3860 emis
886 3810 1001 3875 re'pe's
1031 3804 1366 3859 emendabat.

345 3885 448 3938 Sed
488 3886 613 3957 quia
651 3888 833 3958 prime
873 3885 1127 3939 editiones
1167 3884 1368 3936 habent

345 3985 516 4018 curvas
541 3969 704 4034 ripas,
727 3965 872 4038 quod
895 3967 1046 4020 facile
1065 3985 1128 4018 ex
1149 3965 1366 4019 vocibus

345 4065 494 4096 curva
529 4049 664 4096 sedet
702 4045 1090 4099 confluentibus
1135 4058 1185 4098 ct
1230 4045 1368 4097 maie

346 4123 602 4178 distinctis
615 4125 744 4178 oriri
755 4126 922 4196 potuit
936 4165 951 4192 ‚
967 4125 1069 4178 hoc
1087 4143 1152 4178 eo
1175 4125 1368 4178 ducere

346 4203 570 4272 videtur,
585 4216 644 4258 ut
664 4223 762 4277 pro
793 4224 912 4259 vera
931 4205 1155 4259 lectione
1180 4205 1368 4259 habea-

1463 883 1583 917 mus
1599 902 1615 927 ,
1632 864 1777 937 quod
1806 866 2052 920 Heinsius
2066 905 2082 931 ,
2102 868 2415 941 Anonymus
2438 878 2489 921 et

1464 946 1607 1017 Higt.
1639 947 2009 1017 conjecerunt,
2042 968 2191 999 curva
2222 951 2357 999 sedet
2397 969 2489 999 rm-

1463 1028 1613 1093 dique
1652 1028 1787 1093 ripa,
1838 1024 2289 1097 quemadmodum
2326 1026 2486 1080 Ovid.

1460 1104 1619 1157 Trist.
1642 1105 1714 1169 V,
1744 1124 1767 1157 1
1788 1144 1804 1169 ,
1833 1124 1889 1158 11
1913 1125 1927 1158 ε
1955 1106 2171 1178 -thue
2174 1108 2356 1178 jacens
2372 1108 2485 1179 ripa

1460 1182 1659 1237 deflere
1710 1185 1979 1259 Caystrius
2024 1186 2155 1247 ales,
2199 1198 2300 1240 etc.
2340 1212 2363 1233 ι
2418 1220 2489 1227 —-

1465 1268 1647 1317 Cumas
1682 1270 1771 1317 sed
1811 1282 1857 1317 ee
1898 1270 2111 1335 undique
2146 1269 2281 1335 ripas
2322 1272 2492 1319 Creber

1458 1349 1582 1397 ales.
1605 1345 1853 1399 Heinsius
1882 1344 1951 1399 ad
1970 1350 2097 1399 AEn.
2126 1346 2229 1412 xl,
2252 1366 2326 1399 vs.
2354 1348 2455 1415 893
2472 1388 2487 1413 ,

1459 1427 1601 1475 «alos
1625 1442 1728 1495 pro
1756 1430 1877 1477 olor.
1900 1424 2036 1477 Hinc
2065 1424 2285 1479 emenda
2310 1427 2486 1479 locum

1459 1503 1719 1576 insignem
1754 1504 1975 1568 Avieni,
2014 1504 2265 1575 Descript.
2303 1506 2487 1565 Orbis,

1457 1602 1578 1654 pag.
1634 1583 1733 1655 375
1766 1604 1779 1637 :
1837 1602 1961 1635 nam
2004 1595 2104 1637 vet.
2144 1584 2265 1637 cod.
2305 1590 2409 1636 olos
2445 1612 2484 1637 ι».

1457 1664 1627 1717 Porro
1679 1667 1813 1714 sedet
1854 1660 2105 1716 illustrari
2149 1676 2321 1735 potest
2368 1664 2487 1717 loco

1458 1742 1672 1808 Ovidii,
1697 1744 1833 1797 Fast.
1876 1743 1963 1810 11,
1993 1762 2088 1812 90:
2114 1744 2217 1795 «Et
2256 1744 2368 1798 sine
2396 1744 2486 1797 lite

1454 1822 1653 1895 loquax
1694 1842 1816 1877 cum
1862 1823 2092 1878 Palladis
2140 1825 2264 1878 alite
2305 1826 2483 1878 cornix

1455 1900 1603 1955 Sedit
1622 1927 1665 1955 ι.
1712 1904 1951 1957 Sanun).
1997 1935 2068 1944 —
2109 1904 2274 1967 Mihi,
2313 1922 2481 1976 quum

1456 2001 1627 2033 cen-vas
1647 1986 1781 2051 ripas
1803 1981 2015 2035 codices
2038 1982 2237 2035 habent
2256 1995 2307 2035 et
2334 1981 2479 2035 editt.

1457 2060 2481 2133 antiq-ua,probabiievideturAvienum

1454 2140 1721 2213 scripsisse
1747 2162 1918 2193 curvas
1944 2144 2092 2193 habet
2116 2145 2329 2209 undique
2348 2146 2485 2209 ripas

1458 2224 1637 2271 Creber
1662 2225 1787 2272 οἶος.
1809 2220 2351 2275 ΨΑωΒπβ.-ονεόσν
2374 2225 2481 2271 alos

1455 2300 1702 2372 expressit
1730 2300 1865 2353 Ven.
1895 2298 2039 2354 unde
2075 2305 2177 2352 ales
2202 2299 2483 2354 infeliciter

1455 2378 1695 2433 fecerunt
1728 2381 1888 2453 Cusp.
1911 2379 2052 2432 vad.
2088 2379 2229 2432 Pith.
2266 2399 2481 2452 gravem

1455 2477 1687 2512 errorem
1745 2459 2025 2512 metricum
2081 2459 2435 2531 impingentes
2468 2479 2482 2522 ;

1455 2539 1545 2590 cui
1571 2537 1861 2592 Brouckus.
1902 2551 1953 2592 et
1992 2537 2132 2611 Higt.
2164 2537 2363 2593 mederi
2394 2558 2484 2592 cu-

1449 2615 1655 2688 pientes
1687 2619 1954 2690 corrigere
1994 2619 2268 2671 tentabant
2308 2621 2483 2670 Crebra

1455 2701 1578 2748 ales.
1623 2695 1777 2748 Idem
1824 2699 1997 2748 creber
2036 2701 2142 2748 ales
2192 2698 2247 2750 in
2300 2717 2485 2750 omnes

1456 2775 1586 2828 alias
1640 2773 1897 2828 editiones
1964 2777 2203 2846 pervenit
2226 2814 2241 2840 ‚
2289 2796 2481 2844 meque

1457 2853 1749 2926 aliquando
1774 2853 1982 2907 induxit
1998 2895 2014 2920 ,
2042 2867 2103 2907 ut
2130 2853 2197 2907 ad
2226 2855 2481 2926 Calpurn.

1457 2932 1544 2999 11,
1572 2950 1629 2986 η
1650 2974 1666 3000 ,
1686 2933 1821 2986 falso
1848 2933 2117 2987 crederem
2138 2973 2153 2997 ,
2180 2933 2402 3004 primam
2426 2937 2481 2988 in

1455 3016 1557 3064 ales
1585 3031 1613 3064 a
1647 3014 1904 3084 sequioris
1931 3014 2027 3066 evi
2052 3014 2226 3084 poetis
2253 3015 2480 3070 subinde

1456 3091 1664 3164 corripi.
1692 3091 1797 3145 Sed
1827 3112 1858 3146 e
1893 3092 2147 3146 sententia
2176 3093 2327 3147 Schr.
2360 3095 2483 3147 alio-

1455 3191 1683 3244 rumque
1696 3177 1801 3224 οἶος
1816 3172 1990 3245 potius
2007 3173 2211 3244 scripsit
2222 3174 2457 3226 Avienus
2470 3215 2484 3240 ,

1453 3251 1599 3326 quod
1620 3254 1897 3326 perspicue
1920 3266 1972 3306 et
1992 3271 2115 3305 vere
2134 3252 2343 3304 exhibet
2362 3253 2481 3304 cod.

1454 3333 1639 3384 Ambr.
1675 3331 1829 3384 Unus
1872 3344 2049 3384 tamen
2090 3331 2181 3383 hic
2220 3347 2331 3382 rem
2367 3349 2479 3383 non

1453 3409 1667 3464 conficit
1684 3451 1699 3474 ‚
1754 3423 1912 3482 atque
1968 3427 2117 3481 nque
2170 3409 2325 3461 facile
2376 3414 2479 3462 ales

1452 3502 1624 3561 potest
1664 3509 1693 3543 e
1731 3491 1995 3562 scriptura
2032 3499 2278 3559 corrupta
2319 3488 2477 3554 duci,

1454 3583 1569 3622 tum
1602 3569 1845 3622 desidero
1879 3567 2055 3621 adhuc
2097 3570 2277 3620 locum
2313 3569 2480 3622 alium

1453 3649 1663 3712 Nostri,
1708 3668 1817 3720 quo
1867 3648 2177 3700 familiarem
2231 3648 2279 3700 ei
2343 3648 2481 3702 hanc

1454 3731 1679 3782 formam
1710 3733 1813 3780 0105
1840 3727 2000 3781 fuisse
2026 3728 2297 3800 probetur.
2326 3729 2481 3782 Certe

1453 3827 1561 3860 non
1591 3807 1803 3860 invenio
1828 3825 1943 3860 eam
1978 3807 2031 3859 in
2068 3806 2171 3860 hoc
2203 3808 2477 3861 Phaenom.

1453 3906 1498 3938 v.
1522 3887 1624 3955 693
1644 3907 1657 3940 :
1680 3913 1701 3934 ι
1720 3887 1905 3940 calum
1926 3906 2084 3960 super
2108 3885 2321 3940 advolat
2340 3887 2447 3941 ales
2460 3926 2476 3948 ,

1454 3966 1576 4019 Ales
1609 3967 1725 4019 olor
1736 3994 1774 4018 ιι.
1814 3967 2071 4020 Protei-ea
2112 3968 2473 4038 importunum

1453 4046 1584 4098 mihi
1602 4045 1830 4112 videtur,
1847 4065 2013 4119 quum
2039 4050 2184 4116 cygni
2204 4045 2363 4097 modo
2383 4066 2479 4099 no-

1455 4127 1637 4179 minati
1662 4127 1771 4182 sint
1790 4167 1805 4194 ,
1828 4127 1915 4180 hic
1938 4145 2119 4180 rursus
2141 4127 2324 4176 olorem
2350 4125 2477 4175 dici.

1455 4207 1755 4278 Elegantius
1785 4219 1833 4258 et
1862 4207 2027 4276 magis
2068 4203 2335 4276 poeticum
2365 4212 2475 4265 est,
