<?xml version="1.0" encoding="UTF-8"?>
<!DOCTYPE html PUBLIC "-//W3C//DTD XHTML 1.0 Transitional//EN"
    "http://www.w3.org/TR/xhtml1/DTD/xhtml1-transitional.dtd">
<html xmlns="http://www.w3.org/1999/xhtml" xml:lang="en" lang="en">
 <head>
  <title>
</title>
<meta http-equiv="Content-Type" content="text/html;charset=utf-8" />
  <meta name='ocr-system' content='tesseract 3.04.00' />
  <meta name='ocr-capabilities' content='ocr_page ocr_carea ocr_par ocr_line ocrx_word'/>
</head>
<body>
  <div class='ocr_page' id='page_1' title='image "./poetaelatinimin01unkngoog_0028.png"; bbox 0 0 2996 4685; ppageno 0'>
   <div class='ocr_carea' id='block_1_1' title="bbox 847 413 2475 510">
    <p class='ocr_par' dir='ltr' id='par_1_1' title="bbox 847 413 2475 510">
     <span class='ocr_line' id='line_1_1' title="bbox 847 413 2475 510; baseline -0.001 -26"><span class='ocrx_word' id='word_1_1' title='bbox 847 417 980 484; x_wconf 86' lang='lat' dir='ltr'><strong>DE</strong></span> <span class='ocrx_word' id='word_1_2' title='bbox 1040 417 1120 484; x_wconf 77' lang='lat' dir='ltr'><strong>n.</strong></span> <span class='ocrx_word' id='word_1_3' title='bbox 1172 415 1498 483; x_wconf 77' lang='lat' dir='ltr'><strong>FEsro</strong></span> <span class='ocrx_word' id='word_1_4' title='bbox 1568 413 1963 483; x_wconf 77' lang='lat' dir='ltr'><strong>AVIENO.</strong></span> <span class='ocrx_word' id='word_1_5' title='bbox 2363 437 2475 510; x_wconf 46' lang='lat'><strong>*¹9</strong></span> 
     </span>
    </p>
   </div>
   <div class='ocr_carea' id='block_1_2' title="bbox 326 543 2475 3909">
    <p class='ocr_par' dir='ltr' id='par_1_2' title="bbox 327 543 2475 3381">
     <span class='ocr_line' id='line_1_2' title="bbox 345 543 2473 636; baseline -0.002 -24"><span class='ocrx_word' id='word_1_6' title='bbox 345 548 478 612; x_wconf 85' lang='lat' dir='ltr'><strong>sius</strong></span> <span class='ocrx_word' id='word_1_7' title='bbox 507 546 624 636; x_wconf 85' lang='grc' dir='ltr'>(ι).</span> <span class='ocrx_word' id='word_1_8' title='bbox 669 545 861 610; x_wconf 87' lang='lat' dir='ltr'><strong>Hunc</strong></span> <span class='ocrx_word' id='word_1_9' title='bbox 891 544 1350 610; x_wconf 83' lang='lat' dir='ltr'><strong>Proconsulem</strong></span> <span class='ocrx_word' id='word_1_10' title='bbox 1385 543 1643 610; x_wconf 79' lang='lat' dir='ltr'><strong>Graeciae</strong></span> <span class='ocrx_word' id='word_1_11' title='bbox 1674 565 1814 608; x_wconf 88' lang='lat' dir='ltr'><strong>esse</strong></span> <span class='ocrx_word' id='word_1_12' title='bbox 1848 543 2113 607; x_wconf 84' lang='lat' dir='ltr'><strong>Festum</strong></span> <span class='ocrx_word' id='word_1_13' title='bbox 2150 543 2473 608; x_wconf 81' lang='lat' dir='ltr'><strong>Avienum</strong></span> 
     </span>
     <span class='ocr_line' id='line_1_3' title="bbox 342 649 2471 741; baseline -0.001 -23"><span class='ocrx_word' id='word_1_14' title='bbox 342 668 632 740; x_wconf 83' lang='lat' dir='ltr'><strong>poetam,</strong></span> <span class='ocrx_word' id='word_1_15' title='bbox 663 651 1012 741; x_wconf 78' lang='lat' dir='ltr'><strong>opinantur</strong></span> <span class='ocrx_word' id='word_1_16' title='bbox 1037 650 1318 738; x_wconf 86' lang='lat' dir='ltr'><strong>Sponius</strong></span> <span class='ocrx_word' id='word_1_17' title='bbox 1336 697 1354 729; x_wconf 86' lang='lat'><strong>‚</strong></span> <span class='ocrx_word' id='word_1_18' title='bbox 1380 649 1721 714; x_wconf 87' lang='lat' dir='ltr'><strong>Fabrettus</strong></span> <span class='ocrx_word' id='word_1_19' title='bbox 1737 697 1756 729; x_wconf 87' lang='lat'>‚</span> <span class='ocrx_word' id='word_1_20' title='bbox 1780 665 1845 712; x_wconf 90' lang='lat' dir='ltr'><strong>et</strong></span> <span class='ocrx_word' id='word_1_21' title='bbox 1863 649 2197 713; x_wconf 77' lang='lat' dir='ltr'><strong>Fabricius</strong></span> <span class='ocrx_word' id='word_1_22' title='bbox 2219 649 2285 712; x_wconf 90' lang='lat' dir='ltr'><strong>in</strong></span> <span class='ocrx_word' id='word_1_23' title='bbox 2311 650 2471 715; x_wconf 91' lang='lat' dir='ltr'><strong>Bibl.</strong></span> 
     </span>
     <span class='ocr_line' id='line_1_4' title="bbox 343 754 2473 838; baseline -0.001 -16"><span class='ocrx_word' id='word_1_24' title='bbox 343 759 480 824; x_wconf 86' lang='lat' dir='ltr'><strong>Lat.</strong></span> <span class='ocrx_word' id='word_1_25' title='bbox 537 774 605 822; x_wconf 89' lang='lat' dir='ltr'><strong>et</strong></span> <span class='ocrx_word' id='word_1_26' title='bbox 650 757 990 822; x_wconf 82' lang='lat' dir='ltr'><strong>verisimile</strong></span> <span class='ocrx_word' id='word_1_27' title='bbox 1049 755 1263 822; x_wconf 82' lang='lat' dir='ltr'><strong>reddit</strong></span> <span class='ocrx_word' id='word_1_28' title='bbox 1323 754 1613 820; x_wconf 86' lang='lat' dir='ltr'><strong>studium</strong></span> <span class='ocrx_word' id='word_1_29' title='bbox 1672 755 2044 820; x_wconf 77' lang='lat' dir='ltr'><strong>Graecarum</strong></span> <span class='ocrx_word' id='word_1_30' title='bbox 2100 755 2431 821; x_wconf 88' lang='lat' dir='ltr'><strong>literarum</strong></span> <span class='ocrx_word' id='word_1_31' title='bbox 2455 805 2473 838; x_wconf 89' lang='lat'>,</span> 
     </span>
     <span class='ocr_line' id='line_1_5' title="bbox 339 859 2473 952; baseline 0 -26"><span class='ocrx_word' id='word_1_32' title='bbox 339 862 526 950; x_wconf 87' lang='lat' dir='ltr'><strong>quod</strong></span> <span class='ocrx_word' id='word_1_33' title='bbox 536 865 822 930; x_wconf 81' lang='lat' dir='ltr'><strong>Avienus</strong></span> <span class='ocrx_word' id='word_1_34' title='bbox 841 885 1046 952; x_wconf 86' lang='lat' dir='ltr'><strong>quum</strong></span> <span class='ocrx_word' id='word_1_35' title='bbox 1066 863 1271 952; x_wconf 78' lang='lat' dir='ltr'><strong>poetis</strong></span> <span class='ocrx_word' id='word_1_36' title='bbox 1293 861 1531 926; x_wconf 78' lang='lat' dir='ltr'><strong>Graecis</strong></span> <span class='ocrx_word' id='word_1_37' title='bbox 1562 861 1847 930; x_wconf 64' lang='lat' dir='ltr'><strong>carmine</strong></span> <span class='ocrx_word' id='word_1_38' title='bbox 1871 861 2074 926; x_wconf 85' lang='lat' dir='ltr'><strong>latino</strong></span> <span class='ocrx_word' id='word_1_39' title='bbox 2102 859 2473 942; x_wconf 85' lang='lat' dir='ltr'><strong>reddendis,</strong></span> 
     </span>
     <span class='ocr_line' id='line_1_6' title="bbox 344 965 2475 1056; baseline -0 -24"><span class='ocrx_word' id='word_1_40' title='bbox 344 983 486 1033; x_wconf 89' lang='lat' dir='ltr'><strong>tum</strong></span> <span class='ocrx_word' id='word_1_41' title='bbox 525 969 742 1032; x_wconf 86' lang='lat' dir='ltr'><strong>multis</strong></span> <span class='ocrx_word' id='word_1_42' title='bbox 775 968 1016 1034; x_wconf 79' lang='lat' dir='ltr'><strong>Groecis</strong></span> <span class='ocrx_word' id='word_1_43' title='bbox 1049 966 1472 1056; x_wconf 78' lang='lat' dir='ltr'><strong>scriptoribus</strong></span> <span class='ocrx_word' id='word_1_44' title='bbox 1504 965 1829 1054; x_wconf 86' lang='lat' dir='ltr'><strong>usurpatis</strong></span> <span class='ocrx_word' id='word_1_45' title='bbox 1874 982 1939 1029; x_wconf 91' lang='lat' dir='ltr'><strong>et</strong></span> <span class='ocrx_word' id='word_1_46' title='bbox 1984 966 2055 1029; x_wconf 90' lang='lat' dir='ltr'><strong>in</strong></span> <span class='ocrx_word' id='word_1_47' title='bbox 2104 967 2237 1031; x_wconf 84' lang='lat' dir='ltr'><strong>Ora</strong></span> <span class='ocrx_word' id='word_1_48' title='bbox 2280 968 2475 1032; x_wconf 86' lang='lat' dir='ltr'><strong>mari-</strong></span> 
     </span>
     <span class='ocr_line' id='line_1_7' title="bbox 343 1071 2474 1163; baseline -0.001 -25"><span class='ocrx_word' id='word_1_49' title='bbox 343 1074 500 1138; x_wconf 86' lang='lat' dir='ltr'><strong>tima</strong></span> <span class='ocrx_word' id='word_1_50' title='bbox 525 1073 862 1163; x_wconf 81' lang='lat' dir='ltr'><strong>adlegatis,</strong></span> <span class='ocrx_word' id='word_1_51' title='bbox 889 1071 1150 1138; x_wconf 82' lang='lat' dir='ltr'><strong>abunde</strong></span> <span class='ocrx_word' id='word_1_52' title='bbox 1180 1071 1486 1160; x_wconf 87' lang='lat' dir='ltr'><strong>prodidit.</strong></span> <span class='ocrx_word' id='word_1_53' title='bbox 1519 1073 1773 1160; x_wconf 83' lang='lat' dir='ltr'><strong>Nempe</strong></span> <span class='ocrx_word' id='word_1_54' title='bbox 1806 1071 1933 1135; x_wconf 85' lang='lat' dir='ltr'><strong>hoc</strong></span> <span class='ocrx_word' id='word_1_55' title='bbox 1968 1071 2185 1159; x_wconf 88' lang='lat' dir='ltr'><strong>ipsum</strong></span> <span class='ocrx_word' id='word_1_56' title='bbox 2216 1071 2474 1138; x_wconf 83' lang='lat' dir='ltr'><strong>Graeco-</strong></span> 
     </span>
     <span class='ocr_line' id='line_1_8' title="bbox 339 1176 2469 1260; baseline 0 -16"><span class='ocrx_word' id='word_1_57' title='bbox 339 1203 488 1246; x_wconf 89' lang='lat' dir='ltr'><strong>rum</strong></span> <span class='ocrx_word' id='word_1_58' title='bbox 518 1179 810 1246; x_wconf 87' lang='lat' dir='ltr'><strong>studium</strong></span> <span class='ocrx_word' id='word_1_59' title='bbox 837 1181 906 1244; x_wconf 91' lang='lat' dir='ltr'><strong>in</strong></span> <span class='ocrx_word' id='word_1_60' title='bbox 934 1201 1157 1246; x_wconf 84' lang='lat' dir='ltr'><strong>caussa</strong></span> <span class='ocrx_word' id='word_1_61' title='bbox 1183 1179 1380 1244; x_wconf 82' lang='lat' dir='ltr'><strong>fuisse</strong></span> <span class='ocrx_word' id='word_1_62' title='bbox 1403 1177 1682 1260; x_wconf 78' lang='lat' dir='ltr'><strong>videtur,</strong></span> <span class='ocrx_word' id='word_1_63' title='bbox 1720 1194 1797 1242; x_wconf 87' lang='lat' dir='ltr'><strong>ut</strong></span> <span class='ocrx_word' id='word_1_64' title='bbox 1828 1194 1893 1243; x_wconf 89' lang='lat' dir='ltr'><strong>et</strong></span> <span class='ocrx_word' id='word_1_65' title='bbox 1930 1176 2469 1245; x_wconf 86' lang='lat' dir='ltr'><strong>Proconsulatum</strong></span> 
     </span>
     <span class='ocr_line' id='line_1_9' title="bbox 339 1284 2475 1375; baseline -0 -24"><span class='ocrx_word' id='word_1_66' title='bbox 339 1285 604 1351; x_wconf 76' lang='lat' dir='ltr'><strong>Groecioe</strong></span> <span class='ocrx_word' id='word_1_67' title='bbox 633 1285 876 1368; x_wconf 86' lang='lat' dir='ltr'><strong>adiret,</strong></span> <span class='ocrx_word' id='word_1_68' title='bbox 913 1302 980 1351; x_wconf 81' lang='lat' dir='ltr'><strong>et</strong></span> <span class='ocrx_word' id='word_1_69' title='bbox 1013 1286 1183 1352; x_wconf 84' lang='lat' dir='ltr'><strong>inter</strong></span> <span class='ocrx_word' id='word_1_70' title='bbox 1211 1285 1470 1350; x_wconf 79' lang='lat' dir='ltr'><strong>Groeoos</strong></span> <span class='ocrx_word' id='word_1_71' title='bbox 1500 1284 1615 1375; x_wconf 82' lang='lat' dir='ltr'><strong>diu</strong></span> <span class='ocrx_word' id='word_1_72' title='bbox 1650 1284 2043 1350; x_wconf 83' lang='lat' dir='ltr'><strong>commorari</strong></span> <span class='ocrx_word' id='word_1_73' title='bbox 2071 1286 2295 1367; x_wconf 80' lang='lat' dir='ltr'><strong>vellet,</strong></span> <span class='ocrx_word' id='word_1_74' title='bbox 2340 1287 2475 1350; x_wconf 87' lang='lat' dir='ltr'><strong>sin-</strong></span> 
     </span>
     <span class='ocr_line' id='line_1_10' title="bbox 337 1391 2472 1481; baseline 0 -26"><span class='ocrx_word' id='word_1_75' title='bbox 337 1391 676 1480; x_wconf 85' lang='lat' dir='ltr'><strong>gularique</strong></span> <span class='ocrx_word' id='word_1_76' title='bbox 715 1414 864 1481; x_wconf 84' lang='lat' dir='ltr'><strong>erga</strong></span> <span class='ocrx_word' id='word_1_77' title='bbox 906 1393 1220 1480; x_wconf 86' lang='lat' dir='ltr'><strong>populum</strong></span> <span class='ocrx_word' id='word_1_78' title='bbox 1263 1391 1764 1472; x_wconf 81' lang='lat' dir='ltr'><strong>Atheniensem,</strong></span> <span class='ocrx_word' id='word_1_79' title='bbox 1808 1392 1921 1478; x_wconf 85' lang='lat' dir='ltr'><strong>qui</strong></span> <span class='ocrx_word' id='word_1_80' title='bbox 1963 1392 2133 1455; x_wconf 85' lang='lat' dir='ltr'><strong>hanc</strong></span> <span class='ocrx_word' id='word_1_81' title='bbox 2170 1392 2373 1480; x_wconf 80' lang='lat' dir='ltr'><strong>ipsam</strong></span> <span class='ocrx_word' id='word_1_82' title='bbox 2406 1394 2472 1456; x_wconf 89' lang='lat' dir='ltr'><strong>in</strong></span> 
     </span>
     <span class='ocr_line' id='line_1_11' title="bbox 337 1497 2475 1586; baseline 0.001 -26"><span class='ocrx_word' id='word_1_83' title='bbox 337 1508 768 1563; x_wconf 85' lang='lat' dir='ltr'><strong>monumento</strong></span> <span class='ocrx_word' id='word_1_84' title='bbox 811 1497 1118 1586; x_wconf 74' lang='lat' dir='ltr'><strong>praedicat</strong></span> <span class='ocrx_word' id='word_1_85' title='bbox 1135 1545 1154 1576; x_wconf 89' lang='lat'>‚</span> <span class='ocrx_word' id='word_1_86' title='bbox 1203 1497 1657 1562; x_wconf 79' lang='lat' dir='ltr'><strong>benevolentia</strong></span> <span class='ocrx_word' id='word_1_87' title='bbox 1708 1511 2019 1562; x_wconf 81' lang='lat' dir='ltr'><strong>uteretur.</strong></span> <span class='ocrx_word' id='word_1_88' title='bbox 2056 1498 2237 1578; x_wconf 90' lang='lat' dir='ltr'><strong>Quin</strong></span> <span class='ocrx_word' id='word_1_89' title='bbox 2279 1499 2475 1578; x_wconf 80' lang='lat' dir='ltr'><strong>hujus</strong></span> 
     </span>
     <span class='ocr_line' id='line_1_12' title="bbox 336 1603 2471 1694; baseline -0.001 -26"><span class='ocrx_word' id='word_1_90' title='bbox 336 1604 843 1672; x_wconf 77' lang='lat' dir='ltr'><strong>Proconsulatus</strong></span> <span class='ocrx_word' id='word_1_91' title='bbox 884 1603 1121 1669; x_wconf 85' lang='lat' dir='ltr'><strong>indicia</strong></span> <span class='ocrx_word' id='word_1_92' title='bbox 1165 1626 1286 1668; x_wconf 83' lang='lat' dir='ltr'><strong>nos</strong></span> <span class='ocrx_word' id='word_1_93' title='bbox 1337 1625 1533 1692; x_wconf 88' lang='lat' dir='ltr'><strong>supra</strong></span> <span class='ocrx_word' id='word_1_94' title='bbox 1579 1625 1657 1668; x_wconf 84' lang='lat' dir='ltr'><strong>ex</strong></span> <span class='ocrx_word' id='word_1_95' title='bbox 1703 1604 1839 1692; x_wconf 89' lang='lat' dir='ltr'><strong>ipsa</strong></span> <span class='ocrx_word' id='word_1_96' title='bbox 1882 1605 2108 1670; x_wconf 84' lang='lat' dir='ltr'><strong>Avieni</strong></span> <span class='ocrx_word' id='word_1_97' title='bbox 2146 1605 2471 1694; x_wconf 82' lang='lat' dir='ltr'><strong>Periegesi</strong></span> 
     </span>
     <span class='ocr_line' id='line_1_13' title="bbox 334 1709 2471 1797; baseline 0 -23"><span class='ocrx_word' id='word_1_98' title='bbox 334 1709 796 1797; x_wconf 83' lang='lat' dir='ltr'><strong>produximus,</strong></span> <span class='ocrx_word' id='word_1_99' title='bbox 822 1711 1154 1774; x_wconf 87' lang='lat' dir='ltr'><strong>nonnullis</strong></span> <span class='ocrx_word' id='word_1_100' title='bbox 1178 1711 1472 1776; x_wconf 85' lang='lat' dir='ltr'><strong>versibus</strong></span> <span class='ocrx_word' id='word_1_101' title='bbox 1497 1709 1727 1774; x_wconf 78' lang='lat' dir='ltr'><strong>adlatis</strong></span> <span class='ocrx_word' id='word_1_102' title='bbox 1742 1759 1762 1792; x_wconf 89' lang='lat'>,</span> <span class='ocrx_word' id='word_1_103' title='bbox 1788 1733 1825 1774; x_wconf 90' lang='lat' dir='ltr'><strong>e</strong></span> <span class='ocrx_word' id='word_1_104' title='bbox 1850 1710 2091 1797; x_wconf 87' lang='lat' dir='ltr'><strong>quibus</strong></span> <span class='ocrx_word' id='word_1_105' title='bbox 2106 1756 2125 1791; x_wconf 88' lang='lat'>‚</span> <span class='ocrx_word' id='word_1_106' title='bbox 2152 1711 2471 1774; x_wconf 85' lang='lat' dir='ltr'><strong>Avienum</strong></span> 
     </span>
     <span class='ocr_line' id='line_1_14' title="bbox 335 1815 2474 1905; baseline 0 -27"><span class='ocrx_word' id='word_1_107' title='bbox 335 1815 736 1902; x_wconf 76' lang='lat' dir='ltr'><strong>aliquamdiu</strong></span> <span class='ocrx_word' id='word_1_108' title='bbox 772 1815 1005 1879; x_wconf 84' lang='lat' dir='ltr'><strong>vixisse</strong></span> <span class='ocrx_word' id='word_1_109' title='bbox 1045 1817 1112 1878; x_wconf 88' lang='lat' dir='ltr'><strong>in</strong></span> <span class='ocrx_word' id='word_1_110' title='bbox 1163 1815 1403 1880; x_wconf 82' lang='lat' dir='ltr'><strong>Graecia</strong></span> <span class='ocrx_word' id='word_1_111' title='bbox 1430 1863 1450 1896; x_wconf 91' lang='lat'>,</span> <span class='ocrx_word' id='word_1_112' title='bbox 1485 1815 1862 1902; x_wconf 86' lang='lat' dir='ltr'><strong>ibidemque</strong></span> <span class='ocrx_word' id='word_1_113' title='bbox 1904 1815 2269 1905; x_wconf 84' lang='lat' dir='ltr'><strong>Periegesin</strong></span> <span class='ocrx_word' id='word_1_114' title='bbox 2315 1817 2474 1880; x_wconf 87' lang='lat' dir='ltr'><strong>scri-</strong></span> 
     </span>
     <span class='ocr_line' id='line_1_15' title="bbox 333 1919 2473 2009; baseline 0 -25"><span class='ocrx_word' id='word_1_115' title='bbox 333 1920 568 2006; x_wconf 83' lang='lat' dir='ltr'><strong>psisse,</strong></span> <span class='ocrx_word' id='word_1_116' title='bbox 595 1919 774 1984; x_wconf 88' lang='lat' dir='ltr'><strong>haud</strong></span> <span class='ocrx_word' id='word_1_117' title='bbox 803 1937 1046 1984; x_wconf 81' lang='lat' dir='ltr'><strong>temere</strong></span> <span class='ocrx_word' id='word_1_118' title='bbox 1077 1919 1434 2009; x_wconf 80' lang='lat' dir='ltr'><strong>colligatur.</strong></span> <span class='ocrx_word' id='word_1_119' title='bbox 1459 1923 1659 1984; x_wconf 87' lang='lat' dir='ltr'><strong>Hunc</strong></span> <span class='ocrx_word' id='word_1_120' title='bbox 1685 1921 1883 2008; x_wconf 85' lang='lat' dir='ltr'><strong>igitur</strong></span> <span class='ocrx_word' id='word_1_121' title='bbox 1912 1943 2117 1984; x_wconf 86' lang='lat' dir='ltr'><strong>unum</strong></span> <span class='ocrx_word' id='word_1_122' title='bbox 2148 1943 2186 1984; x_wconf 92' lang='lat' dir='ltr'><strong>e</strong></span> <span class='ocrx_word' id='word_1_123' title='bbox 2212 1920 2473 1984; x_wconf 88' lang='lat' dir='ltr'><strong>duobus</strong></span> 
     </span>
     <span class='ocr_line' id='line_1_16' title="bbox 331 2025 2469 2114; baseline 0.001 -26"><span class='ocrx_word' id='word_1_124' title='bbox 331 2025 417 2088; x_wconf 82' lang='lat' dir='ltr'><strong>ab</strong></span> <span class='ocrx_word' id='word_1_125' title='bbox 436 2025 685 2091; x_wconf 82' lang='lat' dir='ltr'><strong>Avieno</strong></span> <span class='ocrx_word' id='word_1_126' title='bbox 714 2026 908 2114; x_wconf 84' lang='lat' dir='ltr'><strong>gestis</strong></span> <span class='ocrx_word' id='word_1_127' title='bbox 937 2026 1480 2091; x_wconf 86' lang='lat' dir='ltr'><strong>Proconsulatum</strong></span> <span class='ocrx_word' id='word_1_128' title='bbox 1513 2048 1650 2090; x_wconf 87' lang='lat' dir='ltr'><strong>esse</strong></span> <span class='ocrx_word' id='word_1_129' title='bbox 1681 2027 2158 2092; x_wconf 80' lang='lat' dir='ltr'><strong>existimamus:</strong></span> <span class='ocrx_word' id='word_1_130' title='bbox 2198 2025 2469 2090; x_wconf 85' lang='lat' dir='ltr'><strong>alterum</strong></span> 
     </span>
     <span class='ocr_line' id='line_1_17' title="bbox 335 2129 2473 2219; baseline 0 -25"><span class='ocrx_word' id='word_1_131' title='bbox 335 2131 764 2219; x_wconf 82' lang='lat' dir='ltr'><strong>suspicamur,</strong></span> <span class='ocrx_word' id='word_1_132' title='bbox 801 2129 982 2219; x_wconf 90' lang='lat' dir='ltr'><strong>quod</strong></span> <span class='ocrx_word' id='word_1_133' title='bbox 1023 2131 1288 2195; x_wconf 84' lang='lat' dir='ltr'><strong>historia</strong></span> <span class='ocrx_word' id='word_1_134' title='bbox 1325 2153 1458 2195; x_wconf 88' lang='lat' dir='ltr'><strong>non</strong></span> <span class='ocrx_word' id='word_1_135' title='bbox 1491 2132 1691 2196; x_wconf 82' lang='lat' dir='ltr'><strong>alium</strong></span> <span class='ocrx_word' id='word_1_136' title='bbox 1726 2129 2134 2219; x_wconf 83' lang='lat' dir='ltr'><strong>suppeditat,</strong></span> <span class='ocrx_word' id='word_1_137' title='bbox 2162 2131 2231 2196; x_wconf 88' lang='lat' dir='ltr'><strong>in</strong></span> <span class='ocrx_word' id='word_1_138' title='bbox 2258 2131 2473 2196; x_wconf 76' lang='lat' dir='ltr'><strong>Africa</strong></span> 
     </span>
     <span class='ocr_line' id='line_1_18' title="bbox 332 2234 2470 2328; baseline 0.001 -28"><span class='ocrx_word' id='word_1_139' title='bbox 332 2253 612 2325; x_wconf 79' lang='lat' dir='ltr'><strong>gestum.</strong></span> <span class='ocrx_word' id='word_1_140' title='bbox 633 2237 884 2325; x_wconf 85' lang='lat' dir='ltr'><strong>Nempe</strong></span> <span class='ocrx_word' id='word_1_141' title='bbox 907 2238 1038 2300; x_wconf 87' lang='lat' dir='ltr'><strong>Jac.</strong></span> <span class='ocrx_word' id='word_1_142' title='bbox 1063 2234 1510 2302; x_wconf 85' lang='lat' dir='ltr'><strong>Gotbofredus</strong></span> <span class='ocrx_word' id='word_1_143' title='bbox 1533 2237 1602 2300; x_wconf 87' lang='lat' dir='ltr'><strong>in</strong></span> <span class='ocrx_word' id='word_1_144' title='bbox 1626 2236 2015 2328; x_wconf 80' lang='lat' dir='ltr'><strong>Prosopogr.</strong></span> <span class='ocrx_word' id='word_1_145' title='bbox 2040 2236 2203 2304; x_wconf 91' lang='lat' dir='ltr'><strong>Cod.</strong></span> <span class='ocrx_word' id='word_1_146' title='bbox 2219 2236 2470 2306; x_wconf 86' lang='lat' dir='ltr'><strong>Theod.</strong></span> 
     </span>
     <span class='ocr_line' id='line_1_19' title="bbox 330 2340 2471 2431; baseline 0.001 -24"><span class='ocrx_word' id='word_1_147' title='bbox 330 2344 597 2409; x_wconf 82' lang='lat' dir='ltr'><strong>Festum</strong></span> <span class='ocrx_word' id='word_1_148' title='bbox 627 2340 908 2431; x_wconf 80' lang='lat' dir='ltr'><strong>aliquem</strong></span> <span class='ocrx_word' id='word_1_149' title='bbox 941 2342 1408 2408; x_wconf 84' lang='lat' dir='ltr'><strong>Proconsulem</strong></span> <span class='ocrx_word' id='word_1_150' title='bbox 1451 2342 1677 2407; x_wconf 77' lang='lat' dir='ltr'><strong>Africae</strong></span> <span class='ocrx_word' id='word_1_151' title='bbox 1718 2346 1789 2407; x_wconf 93' lang='lat' dir='ltr'><strong>in</strong></span> <span class='ocrx_word' id='word_1_152' title='bbox 1834 2342 2021 2409; x_wconf 85' lang='lat' dir='ltr'><strong>annis</strong></span> <span class='ocrx_word' id='word_1_153' title='bbox 2066 2341 2195 2409; x_wconf 89' lang='grc'><strong>366</strong></span> <span class='ocrx_word' id='word_1_154' title='bbox 2233 2361 2300 2409; x_wconf 88' lang='lat' dir='ltr'><strong>et</strong></span> <span class='ocrx_word' id='word_1_155' title='bbox 2346 2344 2471 2431; x_wconf 83' lang='lat'><strong>367</strong></span> 
     </span>
     <span class='ocr_line' id='line_1_20' title="bbox 330 2448 2465 2539; baseline 0.002 -26"><span class='ocrx_word' id='word_1_156' title='bbox 330 2449 455 2514; x_wconf 86' lang='lat' dir='ltr'><strong>sub</strong></span> <span class='ocrx_word' id='word_1_157' title='bbox 475 2450 744 2513; x_wconf 84' lang='lat' dir='ltr'><strong>Valente</strong></span> <span class='ocrx_word' id='word_1_158' title='bbox 771 2449 992 2531; x_wconf 86' lang='lat' dir='ltr'><strong>fuisse,</strong></span> <span class='ocrx_word' id='word_1_159' title='bbox 1015 2472 1052 2513; x_wconf 92' lang='lat' dir='ltr'><strong>e</strong></span> <span class='ocrx_word' id='word_1_160' title='bbox 1078 2448 1334 2513; x_wconf 86' lang='lat' dir='ltr'><strong>duabus</strong></span> <span class='ocrx_word' id='word_1_161' title='bbox 1366 2449 1615 2539; x_wconf 77' lang='lat' dir='ltr'><strong>legibus</strong></span> <span class='ocrx_word' id='word_1_162' title='bbox 1639 2448 1896 2515; x_wconf 81' lang='lat' dir='ltr'><strong>Codicis</strong></span> <span class='ocrx_word' id='word_1_163' title='bbox 1917 2450 2151 2515; x_wconf 75' lang='lat' dir='ltr'><strong>lustin.</strong></span> <span class='ocrx_word' id='word_1_164' title='bbox 2180 2450 2465 2517; x_wconf 83' lang='lat' dir='ltr'><strong>adnotat.</strong></span> 
     </span>
     <span class='ocr_line' id='line_1_21' title="bbox 333 2554 2470 2643; baseline 0.001 -26"><span class='ocrx_word' id='word_1_165' title='bbox 333 2554 602 2619; x_wconf 87' lang='lat' dir='ltr'><strong>Certum</strong></span> <span class='ocrx_word' id='word_1_166' title='bbox 633 2554 899 2641; x_wconf 86' lang='lat' dir='ltr'><strong>quidem</strong></span> <span class='ocrx_word' id='word_1_167' title='bbox 928 2554 1008 2618; x_wconf 88' lang='lat' dir='ltr'><strong>de</strong></span> <span class='ocrx_word' id='word_1_168' title='bbox 1033 2576 1114 2617; x_wconf 93' lang='lat' dir='ltr'><strong>eo</strong></span> <span class='ocrx_word' id='word_1_169' title='bbox 1146 2555 1525 2643; x_wconf 79' lang='lat' dir='ltr'><strong>magistratu</strong></span> <span class='ocrx_word' id='word_1_170' title='bbox 1554 2555 1783 2620; x_wconf 79' lang='lat' dir='ltr'><strong>Avieni</strong></span> <span class='ocrx_word' id='word_1_171' title='bbox 1813 2556 2103 2643; x_wconf 82' lang='lat' dir='ltr'><strong>proferre</strong></span> <span class='ocrx_word' id='word_1_172' title='bbox 2127 2579 2263 2624; x_wconf 86' lang='lat' dir='ltr'><strong>non</strong></span> <span class='ocrx_word' id='word_1_173' title='bbox 2292 2558 2470 2639; x_wconf 83' lang='lat' dir='ltr'><strong>lieet,</strong></span> 
     </span>
     <span class='ocr_line' id='line_1_22' title="bbox 329 2658 2471 2749; baseline 0.002 -26"><span class='ocrx_word' id='word_1_174' title='bbox 329 2658 592 2724; x_wconf 83' lang='lat' dir='ltr'><strong>videtur</strong></span> <span class='ocrx_word' id='word_1_175' title='bbox 625 2675 842 2723; x_wconf 78' lang='lat' dir='ltr'><strong>tamen</strong></span> <span class='ocrx_word' id='word_1_176' title='bbox 871 2676 1020 2725; x_wconf 78' lang='lat' dir='ltr'><strong>aetas</strong></span> <span class='ocrx_word' id='word_1_177' title='bbox 1047 2660 1220 2741; x_wconf 86' lang='lat' dir='ltr'><strong>ejus,</strong></span> <span class='ocrx_word' id='word_1_178' title='bbox 1264 2675 1589 2747; x_wconf 81' lang='lat' dir='ltr'><strong>quatenus</strong></span> <span class='ocrx_word' id='word_1_179' title='bbox 1620 2683 1761 2724; x_wconf 86' lang='lat' dir='ltr'><strong>eam</strong></span> <span class='ocrx_word' id='word_1_180' title='bbox 1795 2660 2063 2727; x_wconf 82' lang='lat' dir='ltr'><strong>definire</strong></span> <span class='ocrx_word' id='word_1_181' title='bbox 2088 2684 2471 2749; x_wconf 81' lang='lat' dir='ltr'><strong>possumus,</strong></span> 
     </span>
     <span class='ocr_line' id='line_1_23' title="bbox 332 2763 2471 2852; baseline 0.002 -25"><span class='ocrx_word' id='word_1_182' title='bbox 332 2764 399 2827; x_wconf 88' lang='lat' dir='ltr'><strong>in</strong></span> <span class='ocrx_word' id='word_1_183' title='bbox 425 2786 656 2846; x_wconf 86' lang='lat' dir='ltr'><strong>annos,</strong></span> <span class='ocrx_word' id='word_1_184' title='bbox 672 2764 911 2852; x_wconf 88' lang='lat' dir='ltr'><strong>quibus</strong></span> <span class='ocrx_word' id='word_1_185' title='bbox 933 2764 1162 2828; x_wconf 83' lang='lat' dir='ltr'><strong>Festus</strong></span> <span class='ocrx_word' id='word_1_186' title='bbox 1181 2763 1290 2827; x_wconf 86' lang='lat' dir='ltr'><strong>ille</strong></span> <span class='ocrx_word' id='word_1_187' title='bbox 1316 2763 1713 2850; x_wconf 74' lang='lat' dir='ltr'><strong>provinciam</strong></span> <span class='ocrx_word' id='word_1_188' title='bbox 1738 2764 1969 2829; x_wconf 75' lang='lat' dir='ltr'><strong>Africae</strong></span> <span class='ocrx_word' id='word_1_189' title='bbox 1992 2764 2471 2831; x_wconf 75' lang='lat' dir='ltr'><strong>administrasse</strong></span> 
     </span>
     <span class='ocr_line' id='line_1_24' title="bbox 327 2868 2471 2960; baseline 0.001 -27"><span class='ocrx_word' id='word_1_190' title='bbox 327 2868 602 2953; x_wconf 86' lang='lat' dir='ltr'><strong>dicitur,</strong></span> <span class='ocrx_word' id='word_1_191' title='bbox 643 2870 738 2934; x_wconf 88' lang='lat' dir='ltr'><strong>sic</strong></span> <span class='ocrx_word' id='word_1_192' title='bbox 765 2871 916 2935; x_wconf 84' lang='lat' dir='ltr'><strong>satis</strong></span> <span class='ocrx_word' id='word_1_193' title='bbox 947 2868 1316 2934; x_wconf 84' lang='lat' dir='ltr'><strong>convenire.</strong></span> <span class='ocrx_word' id='word_1_194' title='bbox 1363 2869 1446 2933; x_wconf 88' lang='lat' dir='ltr'><strong>Et</strong></span> <span class='ocrx_word' id='word_1_195' title='bbox 1483 2868 1667 2956; x_wconf 87' lang='lat' dir='ltr'><strong>quod</strong></span> <span class='ocrx_word' id='word_1_196' title='bbox 1712 2890 1905 2957; x_wconf 88' lang='lat' dir='ltr'><strong>supra</strong></span> <span class='ocrx_word' id='word_1_197' title='bbox 1946 2892 1983 2935; x_wconf 91' lang='lat' dir='ltr'><strong>e</strong></span> <span class='ocrx_word' id='word_1_198' title='bbox 2014 2892 2207 2935; x_wconf 81' lang='lat' dir='ltr'><strong>versu</strong></span> <span class='ocrx_word' id='word_1_199' title='bbox 2250 2873 2471 2960; x_wconf 87' lang='lat' dir='ltr'><strong>aliquo</strong></span> 
     </span>
     <span class='ocr_line' id='line_1_25' title="bbox 330 2974 2468 3063; baseline 0 -22"><span class='ocrx_word' id='word_1_200' title='bbox 330 2974 478 3041; x_wconf 78' lang='lat' dir='ltr'><strong>Orae</strong></span> <span class='ocrx_word' id='word_1_201' title='bbox 525 2976 860 3041; x_wconf 63' lang='lat' dir='ltr'><strong>maritimas</strong></span> <span class='ocrx_word' id='word_1_202' title='bbox 901 2974 1329 3055; x_wconf 78' lang='lat' dir='ltr'><strong>conjecimus,</strong></span> <span class='ocrx_word' id='word_1_203' title='bbox 1373 2974 1697 3039; x_wconf 78' lang='lat' dir='ltr'><strong>Avienum</strong></span> <span class='ocrx_word' id='word_1_204' title='bbox 1744 2976 2097 3063; x_wconf 84' lang='lat' dir='ltr'><strong>aliquando</strong></span> <span class='ocrx_word' id='word_1_205' title='bbox 2144 2976 2353 3043; x_wconf 85' lang='lat' dir='ltr'><strong>Gades</strong></span> <span class='ocrx_word' id='word_1_206' title='bbox 2400 2979 2468 3043; x_wconf 85' lang='lat' dir='ltr'><strong>in</strong></span> 
     </span>
     <span class='ocr_line' id='line_1_26' title="bbox 328 3077 2463 3169; baseline 0.002 -26"><span class='ocrx_word' id='word_1_207' title='bbox 328 3096 611 3145; x_wconf 81' lang='lat' dir='ltr'><strong>extrema</strong></span> <span class='ocrx_word' id='word_1_208' title='bbox 666 3080 968 3169; x_wconf 87' lang='lat' dir='ltr'><strong>Hispania</strong></span> <span class='ocrx_word' id='word_1_209' title='bbox 1018 3082 1352 3159; x_wconf 82' lang='lat' dir='ltr'><strong>lustrasse,</strong></span> <span class='ocrx_word' id='word_1_210' title='bbox 1399 3077 1467 3142; x_wconf 89' lang='lat' dir='ltr'><strong>id</strong></span> <span class='ocrx_word' id='word_1_211' title='bbox 1518 3079 1851 3167; x_wconf 87' lang='lat' dir='ltr'><strong>probabile</strong></span> <span class='ocrx_word' id='word_1_212' title='bbox 1900 3098 1997 3145; x_wconf 90' lang='lat' dir='ltr'><strong>est</strong></span> <span class='ocrx_word' id='word_1_213' title='bbox 2046 3082 2272 3147; x_wconf 79' lang='lat' dir='ltr'><strong>fecisse</strong></span> <span class='ocrx_word' id='word_1_214' title='bbox 2315 3108 2463 3147; x_wconf 88' lang='lat' dir='ltr'><strong>eum</strong></span> 
     </span>
     <span class='ocr_line' id='line_1_27' title="bbox 327 3186 2469 3275; baseline 0.001 -27"><span class='ocrx_word' id='word_1_215' title='bbox 327 3186 809 3275; x_wconf 86' lang='lat' dir='ltr'><strong>propinquitate</strong></span> <span class='ocrx_word' id='word_1_216' title='bbox 846 3187 966 3249; x_wconf 88' lang='lat' dir='ltr'><strong>loci</strong></span> <span class='ocrx_word' id='word_1_217' title='bbox 1017 3186 1393 3265; x_wconf 85' lang='lat' dir='ltr'><strong>invitatum,</strong></span> <span class='ocrx_word' id='word_1_218' title='bbox 1427 3208 1631 3273; x_wconf 88' lang='lat' dir='ltr'><strong>quum</strong></span> <span class='ocrx_word' id='word_1_219' title='bbox 1668 3186 2027 3251; x_wconf 89' lang='lat' dir='ltr'><strong>Proconsul</strong></span> <span class='ocrx_word' id='word_1_220' title='bbox 2062 3190 2292 3251; x_wconf 80' lang='lat' dir='ltr'><strong>Africae</strong></span> <span class='ocrx_word' id='word_1_221' title='bbox 2324 3190 2469 3253; x_wconf 87' lang='lat' dir='ltr'><strong>vici-</strong></span> 
     </span>
     <span class='ocr_line' id='line_1_28' title="bbox 329 3292 1202 3381; baseline 0.002 -28"><span class='ocrx_word' id='word_1_222' title='bbox 329 3312 478 3355; x_wconf 86' lang='lat' dir='ltr'><strong>nam</strong></span> <span class='ocrx_word' id='word_1_223' title='bbox 509 3292 904 3378; x_wconf 78' lang='lat' dir='ltr'><strong>provinciam</strong></span> <span class='ocrx_word' id='word_1_224' title='bbox 934 3309 1202 3381; x_wconf 84' lang='lat' dir='ltr'><strong>regeret.</strong></span> 
     </span>
    </p>

    <p class='ocr_par' dir='ltr' id='par_1_3' title="bbox 326 3395 2464 3909">
     <span class='ocr_line' id='line_1_29' title="bbox 418 3395 2464 3483; baseline 0.001 -25"><span class='ocrx_word' id='word_1_225' title='bbox 418 3397 510 3459; x_wconf 89' lang='lat' dir='ltr'><strong>Ut</strong></span> <span class='ocrx_word' id='word_1_226' title='bbox 547 3395 632 3459; x_wconf 87' lang='lat' dir='ltr'><strong>de</strong></span> <span class='ocrx_word' id='word_1_227' title='bbox 671 3412 896 3477; x_wconf 76' lang='lat' dir='ltr'><strong>aetate,</strong></span> <span class='ocrx_word' id='word_1_228' title='bbox 927 3420 1050 3483; x_wconf 85' lang='lat' dir='ltr'><strong>qua</strong></span> <span class='ocrx_word' id='word_1_229' title='bbox 1104 3400 1338 3461; x_wconf 83' lang='lat' dir='ltr'><strong>Festus</strong></span> <span class='ocrx_word' id='word_1_230' title='bbox 1369 3398 1653 3463; x_wconf 85' lang='lat' dir='ltr'><strong>Avienus</strong></span> <span class='ocrx_word' id='word_1_231' title='bbox 1698 3398 1883 3477; x_wconf 79' lang='lat' dir='ltr'><strong>vixit,</strong></span> <span class='ocrx_word' id='word_1_232' title='bbox 1920 3398 2220 3461; x_wconf 85' lang='lat' dir='ltr'><strong>nonnihil</strong></span> <span class='ocrx_word' id='word_1_233' title='bbox 2258 3399 2464 3478; x_wconf 77' lang='lat' dir='ltr'><strong>subji-</strong></span> 
     </span>
     <span class='ocr_line' id='line_1_30' title="bbox 329 3502 2461 3589; baseline 0.001 -23"><span class='ocrx_word' id='word_1_234' title='bbox 329 3503 608 3582; x_wconf 79' lang='lat' dir='ltr'><strong>ciamus,</strong></span> <span class='ocrx_word' id='word_1_235' title='bbox 648 3516 822 3566; x_wconf 78' lang='lat' dir='ltr'><strong>certa</strong></span> <span class='ocrx_word' id='word_1_236' title='bbox 871 3522 1004 3564; x_wconf 91' lang='lat' dir='ltr'><strong>non</strong></span> <span class='ocrx_word' id='word_1_237' title='bbox 1055 3502 1318 3589; x_wconf 83' lang='lat' dir='ltr'><strong>quidem</strong></span> <span class='ocrx_word' id='word_1_238' title='bbox 1372 3504 1770 3582; x_wconf 82' lang='lat' dir='ltr'><strong>testimonia,</strong></span> <span class='ocrx_word' id='word_1_239' title='bbox 1802 3502 1913 3587; x_wconf 82' lang='lat' dir='ltr'><strong>sed</strong></span> <span class='ocrx_word' id='word_1_240' title='bbox 1962 3502 2197 3567; x_wconf 85' lang='lat' dir='ltr'><strong>indicia</strong></span> <span class='ocrx_word' id='word_1_241' title='bbox 2248 3521 2461 3569; x_wconf 81' lang='lat' dir='ltr'><strong>tamen</strong></span> 
     </span>
     <span class='ocr_line' id='line_1_31' title="bbox 329 3605 2463 3694; baseline 0.001 -23"><span class='ocrx_word' id='word_1_242' title='bbox 329 3608 641 3672; x_wconf 87' lang='lat' dir='ltr'><strong>nonnulla</strong></span> <span class='ocrx_word' id='word_1_243' title='bbox 679 3605 946 3686; x_wconf 84' lang='lat' dir='ltr'><strong>adsunt,</strong></span> <span class='ocrx_word' id='word_1_244' title='bbox 981 3629 1016 3669; x_wconf 92' lang='lat' dir='ltr'><strong>e</strong></span> <span class='ocrx_word' id='word_1_245' title='bbox 1064 3606 1304 3693; x_wconf 91' lang='lat' dir='ltr'><strong>quibus</strong></span> <span class='ocrx_word' id='word_1_246' title='bbox 1351 3630 1491 3671; x_wconf 88' lang='lat' dir='ltr'><strong>eam</strong></span> <span class='ocrx_word' id='word_1_247' title='bbox 1522 3607 1819 3694; x_wconf 84' lang='lat' dir='ltr'><strong>colligere</strong></span> <span class='ocrx_word' id='word_1_248' title='bbox 1852 3622 1917 3669; x_wconf 85' lang='lat' dir='ltr'><strong>et</strong></span> <span class='ocrx_word' id='word_1_249' title='bbox 1952 3606 2221 3673; x_wconf 86' lang='lat' dir='ltr'><strong>definire</strong></span> <span class='ocrx_word' id='word_1_250' title='bbox 2256 3611 2463 3674; x_wconf 74' lang='lat' dir='ltr'><strong>liceat.</strong></span> 
     </span>
     <span class='ocr_line' id='line_1_32' title="bbox 326 3713 2463 3804; baseline 0.001 -27"><span class='ocrx_word' id='word_1_251' title='bbox 326 3715 511 3778; x_wconf 81' lang='lat' dir='ltr'><strong>Justo</strong></span> <span class='ocrx_word' id='word_1_252' title='bbox 561 3713 996 3800; x_wconf 88' lang='lat' dir='ltr'><strong>antiquiorem</strong></span> <span class='ocrx_word' id='word_1_253' title='bbox 1045 3713 1272 3776; x_wconf 89' lang='lat' dir='ltr'><strong>Petrus</strong></span> <span class='ocrx_word' id='word_1_254' title='bbox 1318 3714 1605 3775; x_wconf 88' lang='lat' dir='ltr'><strong>Crinitus</strong></span> <span class='ocrx_word' id='word_1_255' title='bbox 1662 3714 1846 3794; x_wconf 78' lang='lat' dir='ltr'><strong>facit,</strong></span> <span class='ocrx_word' id='word_1_256' title='bbox 1894 3715 2007 3801; x_wconf 83' lang='lat' dir='ltr'><strong>qui</strong></span> <span class='ocrx_word' id='word_1_257' title='bbox 2056 3718 2463 3804; x_wconf 82' lang='lat' dir='ltr'><strong>temporibus</strong></span> 
     </span>
     <span class='ocr_line' id='line_1_33' title="bbox 327 3818 2461 3909; baseline 0.001 -27"><span class='ocrx_word' id='word_1_258' title='bbox 327 3819 712 3909; x_wconf 71' lang='lat' dir='ltr'><strong>Diocletiani</strong></span> <span class='ocrx_word' id='word_1_259' title='bbox 749 3818 1039 3907; x_wconf 77' lang='lat' dir='ltr'><strong>adsignat</strong></span> <span class='ocrx_word' id='word_1_260' title='bbox 1085 3818 1200 3905; x_wconf 79' lang='lat'><strong>(2).</strong></span> <span class='ocrx_word' id='word_1_261' title='bbox 1234 3820 1400 3881; x_wconf 84' lang='lat' dir='ltr'><strong>Nam</strong></span> <span class='ocrx_word' id='word_1_262' title='bbox 1431 3820 1903 3906; x_wconf 78' lang='lat' dir='ltr'><strong>Hieronymus,</strong></span> <span class='ocrx_word' id='word_1_263' title='bbox 1936 3821 2017 3884; x_wconf 83' lang='lat' dir='ltr'><strong>ad</strong></span> <span class='ocrx_word' id='word_1_264' title='bbox 2054 3822 2237 3901; x_wconf 84' lang='lat' dir='ltr'><strong>cujus</strong></span> <span class='ocrx_word' id='word_1_265' title='bbox 2280 3826 2461 3887; x_wconf 79' lang='lat' dir='ltr'><strong>testi-</strong></span> 
     </span>
    </p>
   </div>
   <div class='ocr_carea' id='block_1_3' title="bbox 395 4062 2443 4327">
    <p class='ocr_par' dir='ltr' id='par_1_4' title="bbox 395 4062 2443 4327">
     <span class='ocr_line' id='line_1_34' title="bbox 395 4062 1407 4155; baseline -0.001 -38"><span class='ocrx_word' id='word_1_266' title='bbox 395 4066 474 4133; x_wconf 83' lang='lat'><strong>(1)</strong></span> <span class='ocrx_word' id='word_1_267' title='bbox 512 4066 900 4155; x_wconf 40' lang='lat' dir='ltr'><strong>Iri-Areopago,</strong></span> <span class='ocrx_word' id='word_1_268' title='bbox 936 4086 1054 4139; x_wconf 84' lang='lat' dir='ltr'><strong>cap.</strong></span> <span class='ocrx_word' id='word_1_269' title='bbox 1079 4067 1134 4129; x_wconf 87' lang='lat'><strong>5,</strong></span> <span class='ocrx_word' id='word_1_270' title='bbox 1159 4086 1214 4137; x_wconf 88' lang='lat' dir='ltr'><strong>p.</strong></span> <span class='ocrx_word' id='word_1_271' title='bbox 1242 4068 1331 4119; x_wconf 88' lang='lat'><strong>30.</strong></span> <span class='ocrx_word' id='word_1_272' title='bbox 1405 4062 1407 4064; x_wconf 68' lang='grc'><strong>’</strong></span> 
     </span>
     <span class='ocr_line' id='line_1_35' title="bbox 396 4165 2443 4251; baseline 0.002 -33"><span class='ocrx_word' id='word_1_273' title='bbox 396 4168 474 4233; x_wconf 77' lang='lat' dir='ltr'><strong>(a)</strong></span> <span class='ocrx_word' id='word_1_274' title='bbox 512 4166 729 4219; x_wconf 74' lang='lat' dir='ltr'><strong>Vossius</strong></span> <span class='ocrx_word' id='word_1_275' title='bbox 767 4165 900 4221; x_wconf 82' lang='lat' dir='ltr'><strong>adeo</strong></span> <span class='ocrx_word' id='word_1_276' title='bbox 941 4180 1197 4221; x_wconf 85' lang='lat' dir='ltr'><strong>memorat</strong></span> <span class='ocrx_word' id='word_1_277' title='bbox 1237 4166 1304 4251; x_wconf 77' lang='lat' dir='ltr'><strong>de</strong></span> <span class='ocrx_word' id='word_1_278' title='bbox 1353 4167 1482 4219; x_wconf 82' lang='lat' dir='ltr'><strong>Hist.</strong></span> <span class='ocrx_word' id='word_1_279' title='bbox 1524 4170 1641 4223; x_wconf 85' lang='lat' dir='ltr'><strong>Lat.</strong></span> <span class='ocrx_word' id='word_1_280' title='bbox 1690 4188 1741 4243; x_wconf 85' lang='lat' dir='ltr'><strong>p.</strong></span> <span class='ocrx_word' id='word_1_281' title='bbox 1781 4172 1905 4235; x_wconf 78' lang='lat'><strong>203,</strong></span> <span class='ocrx_word' id='word_1_282' title='bbox 1942 4168 2346 4239; x_wconf 55' lang='lat' dir='ltr'><strong>Genebrandum,</strong></span> <span class='ocrx_word' id='word_1_283' title='bbox 2388 4172 2443 4223; x_wconf 80' lang='lat' dir='ltr'><strong>iu</strong></span> 
     </span>
     <span class='ocr_line' id='line_1_36' title="bbox 2147 4288 2209 4327; baseline 0 0"><span class='ocrx_word' id='word_1_284' title='bbox 2147 4288 2209 4327; x_wconf 75' lang='lat'><strong>2.</strong></span> 
     </span>
    </p>
   </div>
  </div>
 </body>
</html>
