2996 4685
469 375 558 476 ab
851 375 984 441 DE
1041 373 1560 442 FLAVIANO
1620 373 2206 442 MYRMECIO.

459 501 680 565 lebant
696 547 715 581 ,
750 501 1009 588 proprie
1031 511 1234 581 γεωργοὶ
1261 501 1631 566 dicerentur
1648 501 1765 589 (1),
1780 499 1963 563 valde
1986 498 2291 564 credibile
2314 515 2411 564 est
2434 501 2589 588 pro·

459 629 637 670 ceres
655 609 1014 689 Romanos,
1034 625 1099 672 et
1120 608 1412 716 inprimis
1433 607 1695 671 Clodios
1723 607 1820 670 vel
1854 607 2187 670 Flavianos
2205 604 2588 688 ,insedisse‚

458 703 658 792 villis,
691 712 970 794 colonis,
1000 689 1307 777 armentis¹
1349 729 1416 776 et
1456 711 1819 800 pecudibus
1861 711 2274 793 instruxisse,
2305 727 2383 775 ut
2418 735 2590 777 non-

461 817 626 880 nulli
656 817 846 881 etiam
866 819 1183 899 ,majores
1212 818 1305 882 ibi
1327 819 1542 906 copias
1568 818 1911 899 habentes,
1933 815 2089 881 inde
2110 817 2448 906 Myrmecii
2474 840 2595 882 no-

461 944 614 986 men
650 923 1085 990 adsumerent.
1121 925 1249 990 Sed
1279 925 1432 1013 quia
1462 947 1705 990 nomen
1738 925 1867 988 hoc
1890 924 2028 988 aliis
2052 924 2120 986 in
2148 925 2589 988 monumentis

461 1029 566 1093 vix
619 1031 936 1112 occurrit,
966 1031 1233 1118 quinam
1285 1053 1364 1094 ex
1405 1032 1721 1096 Flavianis
1762 1031 1848 1095 sit
1888 1031 1995 1094 ille
2040 1029 2168 1094 hoc
2210 1029 2478 1094 nomine
2506 1031 2589 1095 ab

458 1135 708 1199 Avieno
737 1135 1082 1225 insignitus
1099 1184 1118 1218 ,
1143 1137 1418 1225 amplius
1445 1136 1873 1225 quaerendum
1906 1151 2023 1200 est.
2061 1136 2255 1200 Certo
2290 1135 2473 1200 illum
2500 1136 2593 1201 fa-

461 1239 774 1305 miliarem
835 1241 1068 1307 Avieni
1132 1242 1468 1332 designare
1522 1242 1723 1308 audet
1772 1257 2002 1306 auctor
2054 1240 2591 1306 Adversariorum

459 1346 875 1435 Luitprandi:
905 1347 1059 1410 «Vir
1087 1347 1497 1413 doctissimus
1520 1395 1539 1430 ,
1578 1349 1832 1435 inquit,
1861 1349 2234 1429 Flavianus,
2267 1347 2351 1412 ad
2394 1370 2592 1435 quem

461 1452 716 1539 scripsit
741 1453 1201 1541 Symmachus,
1229 1471 1296 1520 et
1323 1455 1430 1518 cui
1463 1453 1789 1542 inscripsit
1816 1456 2047 1518 Festus
2078 1453 2287 1518 Rufus
2306 1453 2592 1518 Avienus

461 1556 703 1621 librum
759 1557 842 1622 de
899 1559 1142 1642 stellis,
1188 1557 1380 1625 floret
1427 1559 1551 1623 sub
1596 1557 2035 1624 Theodosio».
2085 1560 2297 1641 Quem
2350 1559 2593 1623 librum

459 1663 690 1727 Avieni
719 1663 828 1728 hie
857 1664 1197 1762 intelligat,
1223 1666 1529 1730 Flaviano
1556 1664 1923 1730 dedicatum
1940 1713 1959 1747 ,
1988 1681 2055 1730 et
2080 1664 2257 1729 unde
2281 1664 2411 1731 hoc
2435 1665 2597 1728 hau-

459 1770 614 1834 serit
633 1817 652 1852 ,
673 1787 787 1835 aut
819 1769 1203 1836 confinierit
1221 1821 1239 1854 ,
1267 1773 1393 1837 alio
1425 1773 1572 1837 loco
1599 1771 2053 1860 disquiremus.
2081 1771 2363 1835 Flaviani
2390 1770 2593 1859 ipsius

459 1897 802 1962 personam
840 1894 904 1941 et
939 1894 1191 1943 aetatem
1235 1879 1387 1943 satis
1434 1877 1729 1944 definivit
1772 1877 2108 1944 Reinesius
2132 1875 2155 1956 ζ
2162 1877 2262 1964 2),
2296 1877 2411 1964 qui
2442 1899 2593 1940 eum

459 1978 618 2045 dicit
649 1982 731 2063 Q.
772 1981 984 2047 Clodii
1014 1983 1329 2065 Flaviani,
1359 1983 1671 2048 Procons.
1695 1983 1926 2048 Africae
1959 1985 2031 2049 A.
2064 1985 2137 2047 C.
2177 1981 2325 2070 357,
2354 1979 2555 2046 filium
2574 2029 2593 2062 ,

461 2087 748 2174 epistolis
791 2089 1197 2176 Symmachi,
1235 2112 1379 2177 quae
1423 2090 1781 2178 nonaginta
1816 2088 1899 2153 ad
1934 2111 2086 2153 eum
2120 2088 2373 2176 scriptae
2405 2103 2593 2170 sunt,

459 2209 528 2258 et
576 2194 820 2258 librum
875 2195 1236 2262 secundum
1294 2197 1659 2284 complent,
1695 2194 1881 2260 valde
1936 2195 2363 2278 celebratum,
2396 2195 2594 2259 fuisse

443 2298 792 2364 ·Vicarium
838 2302 1071 2367 Africae
1094 2349 1112 2383 ,
1161 2317 1226 2365 et
1282 2300 1406 2365 sub
1448 2299 1823 2365 Theodosio
1878 2302 1909 2365 I
1966 2300 2347 2367 Praefectum
2404 2301 2590 2365 Praet.

461 2404 700 2491 Illyrici
746 2420 812 2468 et
855 2405 1051 2469 Italiae
1086 2428 1205 2493 per
1236 2428 1442 2469 annos
1477 2394 1616 2469 fere
1651 2406 1816 2488 XII,
1850 2406 2143 2496 Eugenio
2178 2406 2595 2495 Anti-Camari

462 2508 793 2574 addictum
808 2558 827 2592 ,
858 2525 923 2573 et
948 2510 1360 2598 SymmachO,
1377 2510 1557 2598 quod
1584 2508 1909 2599 idolorum
1936 2527 2385 2601 propugnator
2406 2528 2593 2591 esset,

467 2614 808 2704 extispiciis
843 2616 1259 2705 auguriisque
1292 2615 1547 2681 deditus
1594 2632 1659 2681 et
1693 2617 2143 2682 vaticiniorum
2176 2618 2312 2682 aliis
2347 2616 2596 2707 generi-

462 2721 624 2803 bus,
655 2722 931 2786 maxime
963 2722 1439 2806 admirabilem,
1473 2724 1737 2788 fratrem
1758 2772 1777 2805 ,
1808 2722 2093 2788 sodalem
2116 2770 2135 2804 ,
2157 2746 2194 2787 a
2225 2723 2592 2806 MacrobiO,

463 2828 721 2891 Saturn.
753 2830 786 2892 Ι
805 2876 823 2909 ,
851 2850 906 2892 c.
947 2852 970 2892 1
996 2877 1013 2910 ,
1048 2829 1220 2894 inter
1250 2824 1557 2894 Romanae
1589 2830 1941 2895 nobilitatis
1978 2846 2327 2895 summates
2360 2852 2592 2894 nume-

463 2950 698 2998 ratum.
751 2935 1012 3023 Integre
1061 2936 1328 2999 nomine
1371 2937 1628 3001 Virium
1686 2937 2159 3001 Nicomachum
2216 2936 2593 3000 Flavianum

465 3055 803 3127 nuncupat
835 3063 870 3103 e
904 3057 1370 3125 monumentO,
1409 3065 1446 3106 a
1489 3041 1880 3131 Symmacho
1902 3042 2194 3125 juniore,
2218 3042 2331 3129 qui
2362 3064 2593 3131 proso-

465 3166 686 3209 cerum
719 3168 914 3210 suum
947 3144 1258 3234 adpellat,
1291 3146 1539 3234 posito,
1576 3169 1840 3235 quoque
1873 3148 1933 3211 ei
1962 3164 2193 3235 praeter
2224 3147 2345 3210 alia
2377 3148 2591 3211 hono-

465 3272 610 3314 rum
648 3268 715 3316 et
749 3275 1098 3317 munerum
1133 3252 1338 3341 elogia
1368 3254 1559 3316 etiam
1598 3252 1892 3317 Histoi-ici
1940 3252 2330 3319 disenzksimi
2361 3252 2594 3317 tribui·

534 3528 612 3595 (1)
645 3526 858 3594 Strabo,
911 3529 1128 3583 mmm
1153 3569 1170 3595 ,
1208 3550 1267 3602 p.
1311 3533 1436 3585 311.
1491 3531 1561 3582 Et
1598 3530 1664 3584 de
1706 3529 1771 3583 iis
1800 3532 1972 3582 Amm.
2010 3531 2246 3584 Marcell.
2290 3528 2473 3590 XXII,
2526 3530 2591 3594 8,

465 3636 520 3687 p.
541 3614 639 3676 341
661 3632 676 3667 ι
712 3641 738 3661 α
757 3615 1035 3671 Moeotidos
1065 3616 1216 3671 lateri
1251 3618 1388 3672 levo
1418 3617 1782 3672 Clierrtmesus
1807 3630 1883 3671 est
1912 3620 2239 3691 propinqua,
2267 3616 2595 3670 coloniarum

465 3702 628 3774 plena
650 3702 976 3756 Groecnrum.
997 3704 1157 3758 Unde
1176 3704 1338 3777 quieti
1356 3720 1481 3761 sunt
1504 3706 1749 3759 homines
1774 3719 1826 3759 et
1850 3704 2040 3773 sedati,
2064 3706 2376 3760 adhibentes
2396 3704 2596 3758 vomeri

467 3810 683 3858 curam,
711 3804 764 3845 et
786 3794 1138 3865 proventibus
1156 3794 1456 3851 fructuariis
1480 3796 1773 3849 vietitantes
1790 3822 1833 3849 n.
1863 3796 2016 3850 Conf.
2051 3815 2169 3867 quae
2193 3794 2263 3848 de
2295 3794 2517 3848 coloniis
2546 3804 2596 3846 et

395 3921 405 3929 .
463 3879 679 3953 populis
695 3881 1010 3935 Chersonesi
1027 3883 1266 3936 Taurica
1288 3904 1456 3957 nuper
1479 3884 1769 3958 disputavit
1790 3884 2027 3958 Heynius
2048 3886 2109 3936 V.
2136 3886 2195 3937 C.
2216 3878 2409 3955 Opusc.
2434 3879 2594 3935 Acad.

465 3982 508 4021 t.
538 3970 624 4021 111
646 4008 659 4032 ,
693 3990 742 4042 p.
773 3972 872 4039 39²
903 3990 1010 4042 seq.

533 4108 606 4175 (ι)
643 4108 805 4179 Epist.
829 4113 898 4176 69
923 4108 990 4161 ad
1019 4109 1162 4181 Rup.
1191 4128 1242 4183 p.
1267 4110 1387 4163 623.
