2996 4685
505 353 646 449 378
1213 359 1749 430 Excnnsus
1809 363 1926 434 111

503 474 572 539 id
589 523 607 556 ,
623 474 806 563 quod
827 493 1027 542 scatet
1044 479 1358 568 piscibus,
1380 480 1560 568 quod
1584 483 2087 573 hippopotamos
2110 489 2603 580 crocodilo-sque
2617 541 2637 574 ‚

513 588 720 642 vastas
749 577 1022 661 belluas,
1043 580 1282 670 gignit,
1303 583 1506 671 glebis
1532 585 1726 650 etiam
1749 587 2053 653 infundat
2074 592 2355 682 animas(
2370 593 2635 683 quidam

513 681 710 744 vitam
765 680 1023 769 legunt)
1055 705 1134 746 ex
1182 684 1452 773 ipsaque
1498 685 1707 751 humo
1758 687 1981 752 vitalia
2032 690 2311 782 effingat.
2356 693 2499 760 Hoc
2552 718 2637 759 eo

512 781 925 846 manifestum
973 800 1100 867 cst,
1131 785 1348 873 quod,
1376 788 1494 852 ubi
1535 787 1780 853 sedavit
1820 790 2087 875 diluvia,
2118 817 2193 858 ac
2229 817 2299 861 se
2330 795 2453 861 sibi
2488 797 2635 861 red·

513 882 707 965 didit,
753 905 870 976 per
923 884 1266 952 humentes
1321 911 1585 979 campos
1646 891 1943 979 quoedam
2003 895 2302 960 nondum
2356 899 2629 987 perfecta

514 985 844 1067 animalia,
875 984 988 1050 sed
1021 1001 1164 1052 tum
1193 989 1480 1076 primum
1508 993 1885 1081 accipientia
1913 997 2193 1084 spinatum
2210 1047 2227 1079 ,
2262 1014 2328 1062 et
2353 1020 2431 1062 ex
2456 1011 2633 1086 parte

506 1089 638 1168 jam
697 1089 970 1153 formata
994 1138 1012 1171 ,
1061 1111 1140 1153 ex
1193 1105 1377 1178 parte
1428 1091 1644 1157 adhuc
1700 1111 1940 1178 terrea,
1989 1097 2344 1162 visuntur».
2392 1095 2629 1162 Eodem

513 1189 712 1254 modo
739 1192 998 1301 vitffem
1031 1187 1200 1257 hanc
1226 1194 1531 1258 virtutem
1556 1195 1687 1260 Nili
1714 1195 2021 1264 describit
2046 1199 2236 1265 Ovid.
2272 1199 2527 1265 Memn.
2562 1197 2631 1282 1,

519 1294 648 1369 422
692 1313 870 1380 seqq.
915 1294 1139 1358 Vitam
1173 1294 1496 1384 dispergit,
1536 1298 1829 1384 quamvis
1872 1299 1997 1364 alio
2042 1323 2275 1385 sensu,
2308 1301 2633 1388 usurpavit

518 1392 858 1481 Virgilius,
887 1393 1036 1458 AEn.
1089 1396 1214 1478 XI,
1249 1398 1398 1484 617.
1441 1397 1657 1463 Vitam
1707 1409 1927 1466 autem’
1976 1419 2043 1467 ct
2087 1405 2258 1468 illam
2302 1401 2457 1484 dici,
2491 1424 2633 1491 quae

519 1497 670 1560 satis
720 1497 1195 1586 arboribusque
1242 1500 1613 1590 contingat,
1648 1501 1814 1567 Plin.
1840 1501 2008 1569 Hist.
2041 1506 2187 1570 Nat.
2224 1507 2312 1570 X.
2342 1527 2480 1593 cap.
2514 1505 2633 1584 64,

519 1613 584 1661 et
621 1599 915 1687 pluribus
947 1601 1104 1666 locis
1140 1601 1350 1666 docet.
1387 1605 1472 1668 Et
1503 1626 1637 1692 quo
1668 1607 1887 1670 minus
1920 1607 2087 1672 hanc
2121 1607 2456 1673 lectionem
2489 1606 2639 1670 alie·

523 1721 674 1764 nam
702 1725 739 1765 a
765 1703 933 1790 stylo
960 1704 1186 1768 Avieni
1217 1705 1657 1771 existimemus
1674 1755 1691 1786 ‚
1721 1709 1932 1796 ipsum
1957 1732 2134 1773 nunc
2163 1709 2241 1774 ad
2260 1706 2643 1772 confirman-

523 1801 672 1866 dam
716 1825 855 1868 eam
906 1804 1183 1887 advoco,
1213 1808 1476 1895 quando
1522 1808 1590 1871 in
1634 1808 1969 1874 Phaenom.
2008 1810 2076 1873 in
2110 1811 2324 1898 Eque,
2352 1831 2443 1873 vs.
2482 1806 2639 1890 501,

525 1901 607 1966 de
657 1905 1070 1993 Hippocrene
1114 1907 1426 1995 loquens,
1468 1931 1609 1972 eam
1652 1907 1809 1974 dicit
1845 1914 2103 1998 gurgite
2145 1933 2255 1974 sno
2292 1911 2637 1996 vivificam,

525 2025 640 2070 seu
669 2007 795 2071 vita
828 2007 1194 2102 impertire,
1217 2009 1450 2090 valles,
1480 2033 1639 2098 quas
1672 2029 1995 2100 permeat:

889 2217 901 2229 .
925 2215 940 2226 .
961 2218 974 2232 .
996 2221 1009 2233 .
1031 2219 1044 2232 .
1067 2219 1080 2232 .
1110 2183 1294 2253 strepit
1317 2183 1430 2238 hoc
1453 2183 1671 2256 placido
1686 2185 1826 2240 inter
1844 2205 1966 2240 saxa
1984 2205 2189 2241 susurio
2204 2225 2219 2250 ,

882 2267 1055 2334 Atque
1077 2265 1332 2318 Helicone
1351 2266 1547 2320 cadens
1572 2286 1686 2322 sese
1708 2269 2001 2323 sitientibus
2022 2270 2189 2324 herbis

885 2349 1108 2416 Inserit,
1135 2351 1366 2404 Ascraeas
1389 2350 1565 2405 donec
1590 2371 1718 2424 vaga
1741 2359 1941 2423 gurgite
1966 2355 2116 2409 valles

891 2435 1108 2503 Vimficaee
1125 2453 1144 2483 .·
1171 2433 1312 2503 rigat
1333 2436 1436 2487 hac
1455 2440 1654 2487 animas
1674 2448 1727 2489 et
1744 2436 1976 2508 Thespia
1996 2440 2151 2509 pules

882 2518 1121 2590 Semper,
1151 2530 1200 2571 et
1221 2516 1274 2570 in
1303 2519 1483 2574 latices
1514 2520 1681 2573 inhiat
1706 2540 1834 2592 gens
1860 2523 2023 2575 sontis
2045 2524 2250 2576 damni.
2272 2522 2412 2577 Wn.

535 2706 816 2772 -Νἰίω
815 2708 1008 2795 freta
1026 2711 1320 2771 maxima
1329 2709 1539 2797 pellit.
1557 2712 1663 2774 An
1678 2708 1859 2793 freta
1882 2730 2043 2774 mare
2063 2707 2651 2775 Mediterraneum?

537 2810 757 2893 Silius,
782 2812 845 2891 1,
883 2832 1002 2898 197
1031 2810 1113 2875 de
1144 2810 1335 2875 Nilo:
1359 2812 1682 2898 «Septeno
1705 2811 2027 2899 impellens
2056 2810 2475 2875 tumefactum
2505 2834 2655 2899 gur·

541 2915 672 3001 gite
725 2926 1067 3000 pontum».
1111 2912 1311 2976 Prisc.
1351 2934 1442 2975 vs.
1488 2914 1648 2977 216:
1676 2912 2109 3001 «septenoque
2154 2912 2304 2975 fcrit
2346 2908 2649 2975 Pellaeum

545 3015 801 3103 gurgite
851 3028 1194 3101 pontum».
1228 3014 1334 3077 Sic
1370 3014 1608 3078 Lucan.
1644 3014 1753 3096 IV,
1786 3034 1872 3077 20
1896 3036 1911 3077 ε
1938 3032 2363 3103 «mmposque
2396 3030 2649 3078 coercet

541 3116 746 3206 Cinga
781 3134 1007 3203 rapax,
1033 3116 1268 3178 vetitus
1295 3112 1530 3178 fluctus
1559 3130 1625 3177 et
1650 3114 1833 3178 litora
1860 3134 2041 3178 curm
2068 3114 2309 3178 Oceani
2331 3114 2653 3203 pepulisse

541 3236 732 3297 suo»;
757 3232 824 3281 et
857 3216 994 3305 ipse
1027 3216 1311 3279 Avienus
1329 3265 1346 3297 ,
1365 3238 1424 3279 v.
1459 3214 1573 3296 32,
1598 3215 1680 3279 de
1705 3216 1905 3279 Tanai
1934 3216 2185 3281 Maeotin
2216 3216 2523 3281 intrante:
2552 3231 2655 3279 net

541 3320 786 3385 inserto
807 3320 966 3383 freta
991 3318 1169 3407 pellit
1190 3334 1364 3383 vasta
1390 3313 1637 3381 fluento
1654 3343 1717 3401 τις
1742 3332 1817 3381 ut
1834 3316 2103 3406 propilio
2122 3316 2204 3381 de
2222 3318 2367 3382 Oxo
2383 3367 2403 3400 ,
2417 3341 2475 3381 v.
2489 3318 2655 3404 928:

541 3454 566 3477 κ
585 3424 814 3509 Caspia
859 3421 1160 3510 propellit
1201 3420 1404 3486 fluctu
1457 3422 1617 3484 freta
1632 3450 1679 3483 υ.
1714 3419 1841 3484 Sed
1878 3420 1986 3484 hic
2008 3418 2195 3483 Nilus
2243 3418 2542 3484 laudatur
2589 3436 2657 3483 et

543 3522 1059 3587 commendatur.
1098 3522 1280 3604 Quid
1317 3542 1472 3586 vero
1519 3522 1647 3585 hoc
1691 3520 1775 3585 ad
1816 3522 1957 3602 ejus
1980 3520 2658 3586 commendationem?

545 3624 724 3689 Nihil
767 3622 848 3686 ad
889 3625 1207 3688 honorem
1243 3622 1428 3704 facit,
1460 3622 1643 3710 quod
1680 3623 1907 3688 incidit
1945 3624 1999 3686 in
2049 3646 2225 3688 mare
2276 3625 2653 3689 maximum.

547 3730 648 3791 An
683 3726 882 3813 igitur
895 3725 1076 3810 freta
1111 3742 1266 3791 sunt
1297 3727 1500 3815 ipsius
1534 3722 1713 3791 Nili?
1738 3726 1983 3791 Fretum
2010 3742 2075 3791 et
2079 3726 2274 3815 fieta
2306 3724 2515 3791 fluviis
2542 3726 2657 3790 tri-

549 3828 662 3891 bui
687 3840 958 3890 constat.
978 3828 1322 3909 Ausonius,
1339 3828 1627 3909 Mosella,
1644 3850 1708 3891 v.
1734 3829 1887 3893 108:
1910 3856 1933 3883 α
1952 3829 2008 3891 ln
2036 3844 2333 3895 nostrum
2354 3830 2657 3893 subvecta

549 3930 786 3991 fretum
808 3974 826 4007 ,
857 3951 941 3991 ne
973 3929 1096 3994 lata
1129 3930 1409 3995 Mosellae
1444 3931 1743 3995 Flumina
1778 3946 1907 3995 tam
1944 3930 2162 3995 celebri
2197 3930 2657 3998 defraudaren-

551 4050 660 4095 tur
699 4030 1022 4094 alumno».
1055 4030 1200 4095 vid.
1246 4034 1526 4121 Canneg.
1579 4032 1735 4097 Obs.
1792 4032 1972 4096 Misc.
2002 4031 2096 4114 X,
2126 4053 2189 4121 p.
2238 4036 2389 4121 176,
2420 4032 2531 4121 qui
2570 4034 2659 4095 sic

551 4134 790 4221 pariter
815 4154 908 4196 vs.
955 4130 1106 4208 136,
1147 4152 1267 4219 ¹79
1315 4150 1378 4196 et
1424 4134 1542 4197 182
1597 4132 1885 4197 adhiberi
1936 4130 2125 4197 diret.
2174 4134 2360 4199 Sena.
2388 4174 2473 4183 ——-
2494 4134 2657 4199 Mihi
