2996 4685
463 380 486 426 1
501 377 595 451 90

1217 355 1302 422 R.
1359 351 1430 422 F.
1483 353 1834 424 AVIENI

549 482 776 572 Atque
816 473 928 546 hic
973 473 1304 545 indomito
1344 474 1543 545 tellus
1582 475 1935 572 adamante
1978 477 2247 574 rigescit.

545 592 734 658 Inter
775 585 1094 680 Riphaeos
1129 600 1199 655 et
1233 610 1548 682 proceros
1589 588 2019 684 Agathyrsos.

550 704 673 770 Hae
709 711 938 792 gentes
969 702 1258 784 Istrum,
1290 722 1422 792 qua
1468 723 1538 767 se
1582 696 1783 793 plaga
1816 700 1986 770 dura
2031 675 2267 772 Bootis-

552 807 882 903 Porrigit,
920 807 1328 878 incumbunt
1357 834 1374 878 :
1415 807 1619 878 medii
1655 808 1739 878 de
1775 827 1967 906 parte
2004 813 2133 883 diei

453 988 572 1042 cap.
601 967 688 1032 15,
713 985 768 1039 p.
801 968 883 1020 26.
911 965 1073 1020 Salm.
1100 985 1260 1040 quem
1288 967 1480 1021 Noster

1570 967 1829 1023 Prosodia
1874 971 2098 1044 quidem
2134 993 2352 1046 poscere
2390 978 2613 1036 videtur

453 1046 648 1102 imitari
687 1046 852 1101 solet:
879 1071 901 1092 ι
916 1045 1036 1098 Illic
1076 1057 1130 1098 et
1173 1045 1480 1120 crystallus,
1564 1051 1791 1118 gignunt
1810 1053 2002 1105 niveum
2028 1059 2316 1121 crystallmn
2332 1097 2347 1120 ‚
2380 1057 2475 1111 sed
2496 1059 2609 1115 hoc

454 1123 618 1202 quein
648 1121 787 1192 licet·
805 1143 932 1197 pars
969 1127 1142 1198 major
1171 1125 1402 1199 Europa
1430 1137 1484 1180 et

450 1206 719 1283 particula
759 1204 896 1260 Asiae
936 1203 1324 1271 subministret,
1369 1225 1486 1278 pre-

452 1286 794 1343 tiosissimum
844 1297 1024 1338 tamen
1078 1285 1299 1359 Scythia
1353 1286 1484 1340 edit.

453 1371 656 1423 Multus
679 1363 749 1420 ad
775 1364 964 1438 pocula
987 1363 1283 1420 destinatur
1301 1407 1317 1434 ,
1345 1379 1442 1420 etc.
1462 1389 1484 1415 a

454 1449 619 1504 Scan.
649 1477 721 1487 —
747 1449 972 1515 Gigmme
996 1451 1300 1512 crystallum.
1329 1446 1486 1501 Avie-

453 1544 558 1583 nus
593 1523 882 1580 candidum
921 1526 1176 1579 electrum
1214 1526 1487 1600 Dionysii,

454 1609 542 1662 vel
569 1607 709 1660 lunae
746 1623 898 1658 novae
928 1604 1210 1676 splendore
1241 1606 1451 1678 fulgens
1470 1645 1487 1672 ,

455 1708 558 1762 pro
571 1687 821 1762 crystallo
837 1687 1062 1759 accepit.
1081 1687 1170 1740 Sic
1187 1686 1326 1740 enim
1347 1687 1489 1741 Grai-

455 1788 546 1824 cos
568 1769 689 1823 illos
715 1786 904 1821 versus
928 1765 1196 1820 reddidit:
1225 1793 1252 1814 a«
1275 1767 1376 1822 Hic
1408 1767 1489 1821 di-

454 1862 534 1904 tes
561 1867 710 1903 vene
725 1885 741 1911 ,
761 1861 863 1902 etc.
888 1871 910 1894 a·
937 1845 1120 1900 Graeca
1146 1866 1274 1901 vero
1296 1848 1373 1901 sic
1395 1847 1490 1902 ha·

454 1931 615 1984 bem:
640 1921 878 2002 ἡὼφαὴς
899 1930 1131 2002 ἤλεκτρος
1157 1931 1384 1997 ἀέξεται,
1409 1924 1488 1986 οἷοί

454 2033 529 2075 τις
563 2012 691 2083 αὐγὴ
719 2011 894 2072 Μήνης
923 2011 1223 2081 ἀρχομένης,
1249 2008 1488 2082 ἀδάμαν-

452 2094 521 2147 τά
557 2113 613 2146 τε
649 2091 1043 2162 παμφανόωντα.
1073 2090 1296 2159 Legerat
1329 2088 1483 2142 Avie-

453 2189 556 2224 nus
582 2167 726 2243 apud
762 2167 1000 2221 Solinum
1018 2204 1035 2230 ,
1061 2167 1334 2240 Scythiam
1360 2185 1484 2238 pre·

451 2249 799 2304 tiosissimum
822 2245 1130 2319 crystallum
1158 2245 1330 2299 edere.
1353 2244 1484 2300 Ideo

453 2327 750 2385 candidum
777 2325 1062 2392 electrum,
1087 2323 1234 2397 quod
1271 2327 1324 2379 in
1353 2327 1484 2401 Scy.

451 2412 563 2465 thia
587 2408 844 2469 nascitur,
866 2404 935 2458 de
952 2404 1205 2477 crystallo
1231 2406 1488 2479 interpre-

455 2502 600 2546 tatus
620 2489 851 2543 videtur.
875 2484 1044 2537 Suu.
1067 2482 1136 2537 ad
1157 2484 1280 2549 Sol,
1300 2505 1351 2557 p.
1383 2486 1486 2552 540

451 2574 507 2627 h.
529 2570 594 2625 C.
623 2568 796 2621 Etiam
822 2562 1132 2637 crystallum
1159 2566 1486 2621 aVet'erihus

448 2656 681 2722 ἤλεκτρον
717 2642 1017 2700 dicebatur.
1045 2644 1184 2698 Hinc
1207 2644 1264 2697 in
1287 2644 1488 2719 Diony-

454 2731 519 2785 sii
549 2727 833 2801 Periegesi,
853 2740 1009 2779 versu
1041 2722 1166 2797 317,
1184 2722 1344 2779 verba
1371 2724 1486 2781 haeo

454 2804 698 2882 Echion-ize
733 2808 964 2880 ἤλεκτρος
1007 2806 1234 2874 ἀέξεται,
1263 2806 1488 2861 Priscia-

453 2910 557 2944 nus
595 2888 813 2961 quidem
853 2890 924 2943 ita
965 2886 1229 2943 reddidit:
1261 2878 1488 2941 «Nasci-

454 2984 546 3024 tur
589 2970 846 3023 electrum
893 2968 1210 3043 praefulgens
1253 2966 1376 3020 luce
1403 2968 1482 3021 ni-

423 3028 584 3105 'tenti
615 3076 656 3104 ι.
692 3050 793 3105 Sed
827 3050 1009 3104 Festus
1039 3048 1304 3101 Avienus:
1331 3072 1356 3093 οι
1379 3046 1484 3102 Hic

451 3132 590 3186 dites
607 3148 754 3184 venae
772 3130 985 3183 niveum
1013 3128 1241 3201 gignunt
1265 3127 1484 3199 crystal-

452 3214 569 3266 lum
591 3239 634 3265 υ.
673 3210 952 3265 Bonum.
979 3208 1048 3263 de
1076 3208 1252 3261 Anim.
1283 3206 1336 3261 S.
1369 3208 1480 3260 Ser.

453 3306 492 3347 t.
512 3294 586 3361 11,
607 3311 725 3367 pag.
755 3294 875 3362 871.
905 3290 1063 3343 Forte
1087 3306 1197 3340 nou
1225 3286 1483 3339 electrum

450 3394 551 3447 pro
590 3372 840 3447 crystallo
880 3370 1115 3441 accepit,
1153 3385 1251 3419 nec
1279 3364 1481 3438 Diony·

453 3453 590 3507 sium
617 3452 808 3517 vertit3
834 3450 928 3506 sed
953 3450 1076 3523 quia
1116 3447 1313 3519 legerat
1338 3442 1482 3516 apud

450 3533 690 3589 solinum
706 3570 722 3597 ‚
749 3530 1019 3604 Scythiam
1043 3524 1480 3600 pretiosissimum

451 3612 763 3747 {3⁸:233
779 3608 1046 3759 ⁰513„ss
1059 3602 1482 3751 52223223‘32‘:

450 3772 552 3825 luit
573 3792 586 3825 :
617 3774 709 3825 uic
734 3772 858 3821 dites
883 3786 1032 3820 venoe
1059 3768 1245 3817 m'veum
1260 3766 1486 3833 ge'fflmnt

451 3855 770 3917 crystallum,
835 3866 1000 3921 quum
1066 3844 1322 3919 potuisset
1379 3848 1482 3896 ele-

451 3946 604 3983 cerum
618 3952 640 3993 ,-
654 3946 719 3982 eo
731 3929 902 4000 magis
915 3928 1050 3981 forte
1065 3966 1081 3993 ‚
1097 3922 1244 3998 quod
1262 3923 1481 3996 crystal-

453 4010 535 4061 lus
571 4019 624 4061 et
655 4005 867 4059 adamas
907 4006 1106 4076 optime
1139 4002 1296 4077 jungi
1330 4001 1478 4055 vide-

454 4099 658 4141 rentur.
687 4086 854 4141 saun.
897 4084 1053 4138 Conf.
1089 4099 1208 4153 quai
1243 4080 1387 4134 hanc
1425 4080 1482 4133 in

455 4184 568 4219 rem
597 4164 826 4219 diximus
851 4162 918 4216 ad
949 4162 1108 4216 Prisc.
1134 4160 1256 4227 309.
1281 4158 1385 4213 W.
1413 4189 1483 4199 --

1570 1128 1819 1198 insuave,
1846 1141 1899 1183 et
1918 1132 1972 1184 in
1996 1137 2185 1186 niveum
2208 1139 2429 1206 gignunt
2453 1137 2611 1193 editt.

1572 1227 1757 1263 omnes
1781 1213 2106 1284 conspirant.
2126 1215 2229 1268 En.

1648 1287 1766 1353 455.
1786 1295 1851 1342 Ec
1866 1311 2099 1361 proceros
2134 1297 2467 1364 Agathyrsos.
2490 1295 2609 1351 No-

1573 1367 1674 1422 luit
1713 1371 1950 1424 Avienus
1978 1371 2205 1448 reddere
2238 1375 2484 1450 Dionysii
2524 1382 2613 1451 ψυ-

1573 1453 1737 1524 χροῖς,
1764 1471 1816 1504 v.
1853 1453 1989 1520 3193
2021 1453 2259 1509 imitatur
2296 1469 2475 1511 autem
2522 1459 2611 1512 lo-

1574 1549 1701 1584 cum
1734 1532 2001 1586 Ammiani
2044 1534 2212 1590 Marc.
2240 1537 2326 1606 (si
2354 1537 2444 1592 hic
2472 1539 2611 1592 anti·

1575 1611 1733 1684 quior
1742 1612 1943 1666 Avieno
1962 1626 2037 1668 est
2054 1615 2095 1683 ),
2111 1615 2205 1670 lib.
2222 1616 2407 1684 XXII,
2419 1637 2539 1690 cap.
2558 1621 2613 1685 8,

1574 1708 1631 1762 p.
1656 1689 1754 1755 341
1778 1689 1949 1746 Gron.
1967 1719 1993 1740 α
2013 1707 2067 1748 et
2085 1713 2205 1748 cum
2230 1693 2453 1750 Gelonis
2468 1700 2613 1770 Aga-

1573 1769 1775 1843 thyrsi,
1798 1771 1942 1843 apud
1962 1792 2095 1846 quos
2113 1773 2411 1829 adamantis
2426 1789 2505 1830 est
2524 1798 2612 1832 co-

1574 1851 1667 1920 pia
1706 1849 1919 1922 lapidis.
1954 1853 2041 1906 Ad
2070 1875 2301 1922 proceros
2340 1855 2611 1912 illustran-

1574 1927 1703 1984 dum
1743 1932 1983 1986 conferet
2019 1933 2270 1988 Barthius
2310 1935 2380 1988 ad
2418 1936 2609 1992 Claud.

1574 2007 1655 2060 lv
1688 2009 1848 2064 Cons.
1885 2011 2024 2066 Hon.
2068 2014 2200 2084 454,
2226 2035 2349 2089 pag.
2383 2019 2511 2086 684,
2544 2019 2609 2070 Α.

1571 2088 1747 2162 Supra
1781 2110 1831 2144 v.
1861 2092 1965 2146 330
1994 2097 2345 2148 occurrebant
2388 2101 2611 2164 Blemyes

1571 2189 1779 2238 corpora
1800 2177 2013 2241 proceri.
2042 2173 2306 2230 Caeterum
2340 2179 2452 2232 haic
2480 2197 2613 2251 pro-

1570 2247 1765 2320 prietas
1779 2264 1901 2304 nota
1920 2265 1993 2305 est
2002 2253 2409 2312 Germanorum.
2422 2259 2584 2313 Scun.

1647 2329 1771 2394 456.
1794 2335 1957 2401 Plaga
1976 2337 2104 2385 dura
2142 2340 2326 2392 Bootis.
2356 2337 2611 2395 Heinsius

1573 2408 1643 2463 ad
1679 2408 1870 2482 virgil.
1912 2416 2036 2467 AEn.
2086 2414 2136 2479 1,
2187 2436 2309 2481 120,
2356 2418 2569 2492 scripsit
2588 2458 2609 2485 ,

1572 2486 1716 2561 apud
1741 2490 2007 2545 Avienum
2034 2494 2091 2547 in
2118 2498 2301 2550 Descr.
2329 2498 2459 2553 orb.
2486 2519 2611 2572 pas-

1573 2569 1673 2621 sim
1699 2568 1805 2641 legi
1842 2574 1986 2623 Booti
2014 2592 2115 2644 pro
2146 2581 2329 2632 Bootis.
2360 2578 2465 2633 Sed
2501 2580 2609 2633 hoc

1573 2647 1726 2713 loco,
1762 2661 1815 2703 et
1849 2652 2085 2706 versibus
2132 2654 2257 2723 511,
2308 2661 2435 2729 697,
2478 2658 2609 2725 846,

1574 2729 1777 2783 nullam
1802 2730 1857 2784 in
1886 2730 2051 2789 codd.
2076 2734 2417 2792 variationem
2447 2754 2605 2793 nota·

1573 2808 1647 2863 vi.
1676 2808 1881 2862 Deinde
1902 2811 2165 2883 genitivus
2190 2816 2278 2871 hic
2303 2816 2448 2891 apud
2472 2838 2606 2893 poe-

1574 2899 1652 2941 tas
1672 2889 1923 2961 frequens
1948 2903 2060 2945 est:
2090 2890 2322 2968 denique
2337 2916 2453 2951 rem
2471 2918 2603 2952 con-

1572 2965 1688 3020 ficit
1707 2966 1894 3033 Poeta,
1916 2990 1971 3023 v.
1989 2974 2093 3037 648
2111 2992 2125 3028 :
2148 3000 2171 3021 ι
2190 2976 2365 3029 Insula
2383 2995 2438 3030 se
2454 2978 2605 3032 Graii

1570 3046 1841 3101 Diomedis
1862 3050 2072 3123 gurgite
2086 3056 2280 3125 promit
2298 3081 2338 3108 ι.
2355 3056 2495 3110 Male
2516 3078 2602 3113 er·

1570 3146 1638 3199 go
1664 3127 1893 3195 faciunt,
1910 3130 2006 3203 qui
2025 3133 2223 3206 ubique
2241 3136 2606 3208 antiquissima

1574 3204 1847 3277 ingerunt.
1870 3208 2107 3265 Scitam.

1646 3288 1769 3359 457.
1798 3293 1981 3341 Gentes
1993 3294 2170 3344 [stt-tem
2188 3294 2481 3349 incmnbum.
2503 3294 2606 3349 Bo-

1571 3366 1849 3439 rysthenes
1888 3380 1967 3423 est
2010 3372 2153 3427 ultra
2194 3375 2390 3429 Istrum
2412 3392 2426 3427 ε
2471 3395 2606 3449 quo-

1572 3445 1735 3501 modo
1754 3448 1909 3520 igitur
1934 3453 2119 3525 populi
2140 3450 2209 3507 ad
2218 3454 2603 3529 Borysthenem

1569 3525 1887 3581 incumbunt
1930 3531 2167 3585 Istrum?
2196 3532 2451 3602 Similia,
2494 3554 2604 3588 non

1570 3602 1759 3658 eadem
1774 3618 1899 3660 sunt
1910 3646 1928 3672 ‚
1952 3615 2140 3663 Taurus
2158 3614 2393 3667 incumbit
2408 3616 2601 3677 Asiam,

1572 3702 1621 3735 v.
1649 3682 1775 3754 839,
1805 3713 1831 3732 «e
1849 3706 2003 3741 mons
2026 3690 2289 3744 incumbit
2314 3690 2601 3764 paludem,

1570 3763 1723 3819 limes
1748 3767 2071 3824 Abantum...
2100 3770 2367 3843 Europam
2395 3798 2437 3828 ι.
2461 3772 2601 3827 Cen-

1569 3862 1663 3898 seo
1707 3844 1869 3916 igitur
1921 3847 2265 3903 scribendum
2318 3854 2600 3921 incingitur.

1569 3923 1731 3979 Prisc.
1761 3946 1811 3980 v·
1838 3926 1941 4001 3²7
1966 3946 1979 3981 :
2012 3952 2035 3976 ι
2058 3928 2126 3982 Hi
2153 3930 2298 4003 ripas
2325 3932 2449 3985 Istri
2482 3952 2606 4006 por-

1570 4018 1742 4059 rectas
1775 4005 2013 4079 undique
2056 4008 2278 4082 cingunt
2296 4038 2340 4061 a.
2380 4012 2601 4086 Dionys.

1571 4100 1621 4135 v.
1639 4084 1743 4137 330
1763 4090 2175 4156 περιναιετάουσι.
2196 4089 2383 4143 Avien.
2397 4108 2449 4143 v.
2468 4090 2597 4145 531:

1573 4186 1598 4205 a
1618 4158 1727 4213 Tot
1754 4162 1936 4232 populi
1960 4166 2248 4219 Ausoniam
2270 4167 2604 4223 circumdant

2532 618 2619 660 ⁴55
2705 644 2715 654 ·
