2996 4685
463 355 599 430 186

1231 365 1312 430 R.
1369 365 1441 432 F.
1498 359 1852 432 AVIENI

652 485 797 554 Neo
832 481 1069 578 procul
1110 481 1271 553 hinc
1308 483 1546 578 rigidis
1582 485 1942 580 insurgunt
1976 481 2258 576 rupibus
2295 480 2501 577 Alpes
2526 537 2545 566 ‚

556 597 1093 687 Nascentemque
1132 592 1312 663 diem
1348 592 1527 664 celso
1564 593 1727 688 juga
1765 591 2012 660 vertice
2051 603 2357 660 cernunt.

554 709 767 774 Porro
814 705 989 774 inter
1020 717 1249 774 cautes
1276 717 1346 774 et
1376 727 1534 774 saxa
1569 701 1880 774 sonantia
1917 699 2234 785 Rhenus,
2429 733 2444 744 -
2526 723 2606 767 ⁴³0

553 816 829 888 Vertioe
860 839 997 910 qua
1032 815 1245 884 nubes
1280 813 1648 887 nebulosus
1685 811 1883 882 fulcit
1913 809 2200 910 Adulas,

553 930 771 1023 Urget
804 951 1049 1022 aquas,
1090 924 1465 1020 glaucoque
1511 947 1716 1020 rapax
1765 936 1942 992 rotat
1981 921 2248 1016 agmine
2293 917 2538 989 molem

550 1037 894 1131 GurgitiS,
924 1036 1179 1107 Oceani
1210 1036 1422 1107 donec
1457 1032 1748 1104 borealis
1786 1034 1857 1102 in
1896 1031 2113 1100 undas

548 1147 837 1234 Effluat‚
870 1161 939 1216 et
968 1145 1165 1218 celeri
1202 1161 1596 1244 perrumpat
1635 1167 1975 1214 marmora
2011 1141 2246 1210 fluctu.

551 1258 740 1346 Quin
782 1271 853 1328 et
890 1257 1283 1328 Danubium
1320 1257 1623 1353 produnt
1655 1268 1914 1324 secreta
1950 1267 2230 1347 repente
2527 1301 2602 1344 ⁴3⁵

551 1369 847 1438 Barbara
868 1423 889 1457 ‚
934 1368 1051 1439 sed
1084 1369 1337 1438 discors
1370 1383 1596 1438 tamen
1633 1381 1732 1436 est
1766 1379 2007 1434 natura
2048 1363 2324 1432 fluento.

550 1479 837 1552 Abnoba
873 1504 1067 1550 mons
1104 1483 1280 1550 Istro
1317 1495 1512 1575 pater
1549 1493 1690 1548 est:
1744 1475 1923 1546 cadit
1953 1472 2254 1545 Abnobae
2297 1470 2490 1541 hiatu

446 1731 859 1790 Phaethontides
882 1733 1039 1788 ulmis
1052 1759 1097 1800 a,
1114 1735 1217 1788 nisi
1234 1735 1339 1788 hoc
1358 1733 1479 1787 loco

444 1815 574 1864 ulma
612 1811 899 1884 icgendum
938 1824 1017 1867 est
1034 1853 1051 1881 ,
1091 1825 1151 1867 ut
1190 1815 1478 1888 eloquutus

374 1920 381 1928 ·
444 1903 523 1946 est
540 1891 753 1961 Noster,
774 1893 953 1946 Pham.
984 1912 1059 1946 vs.
1081 1899 1220 1965 79⁴5:
1266 1919 1288 1942 ι
1316 1893 1479 1946 Illum

438 1972 659 2044 prolixis
700 1973 851 2028 duro
882 1973 1301 2029 Phaethontides
1336 1975 1480 2029 ulnis

439 2049 765 2106 Planta-unt
786 2079 828 2104 n.
846 2053 945 2108 W.

514 2133 637 2196 428.
675 2131 1006 2186 Schraderus
1045 2132 1138 2185 hic
1163 2131 1372 2186 confert
1398 2151 1475 2185 vs.

440 2209 543 2264 502
567 2229 581 2262 ε
626 2235 650 2258 ι
669 2211 826 2264 Tunc
852 2211 1199 2266 Lucanorum
1227 2211 1377 2281 regio
1399 2209 1478 2264 in-

440 2289 777 2363 surgentibus
790 2289 899 2345 ulte
910 2290 1163 2344 Cautibus
1175 2289 1476 2345 horrescit».

516 2376 637 2439 4²9.
669 2370 871 2425 Confer
902 2370 1130 2424 Licentii
1169 2372 1349 2425 Carm.
1392 2390 1469 2425 vs.

444 2451 514 2521 67
542 2448 684 2522 (huj.
712 2468 801 2521 op.
824 2461 954 2503 tom.
975 2451 1084 2513 111,
1110 2469 1166 2523 p.
1190 2450 1311 2515 430.
1344 2450 1475 2520 En.)

517 2528 637 2592 431.
655 2533 819 2581 Nubes
836 2532 1250 2598 nebulosusfulcie
1268 2532 1477 2583 Adulas.

437 2608 523 2662 Sic
534 2610 811 2677 nubiferum
822 2607 1167 2681 Apenninum
1180 2606 1309 2661 dicit
1317 2606 1475 2662 Ovid.

442 2686 572 2739 Met.
600 2686 657 2738 11
673 2723 690 2750 ,
724 2690 845 2741 ²26.
876 2686 943 2739 Et
962 2686 1207 2741 similiter
1226 2688 1390 2741 Rutil.
1412 2688 1470 2752 1,

443 2764 544 2829 432
568 2782 583 2819 ε
626 2794 649 2815 ι
674 2766 875 2839 Incipit
904 2768 1163 2821 obscuros
1194 2766 1471 2821 ostendere

441 2844 655 2899 Corsica
672 2858 878 2900 montes
890 2888 907 2916 ,
930 2849 982 2901 N
987 2848 1361 2920 ubiferumque
1379 2866 1470 2901 ca·

438 2935 541 2995 put
582 2927 833 2979 concolor
868 2928 1059 2980 umbra
1099 2927 1240 2981 levat
1256 2953 1305 2979 n.
1336 2924 1469 2981 vide

440 3020 560 3077 quo
576 3004 878 3059 notavimus
894 3004 962 3059 ad
979 3005 1128 3059 hunc
1144 3005 1342 3061 locum.
1359 3006 1465 3060 En.

438 3114 511 3123 —-
529 3086 725 3137 Adulas
752 3104 880 3139 vera
898 3097 979 3138 est
1003 3085 1161 3141 lectio
1177 3123 1194 3150 ,
1223 3098 1283 3139 ut
1310 3084 1469 3139 habet

436 3165 509 3219 V.
528 3176 583 3219 et
600 3164 891 3219 ostendunt
914 3166 1218 3238 scriptores,
1245 3167 1437 3221 Strabo
1448 3204 1465 3231 ,

440 3242 537 3311 lv,
564 3263 685 3317 pag.
711 3244 848 3309 313,
882 3246 945 3300 A.
973 3246 1060 3301 vel
1084 3265 1205 3318 pag.
1232 3244 1335 3299 326
1354 3284 1371 3309 ,
1407 3246 1466 3299 C.

436 3322 661 3377 Ptolem.
687 3322 766 3387 11,
787 3342 903 3397 cap.
926 3344 961 3394 9
976 3366 994 3393 ,
1012 3345 1067 3399 p.
1090 3325 1155 3379 5²
1173 3344 1190 3389 ς
1205 3325 1467 3377 Marcian-

436 3400 646 3456 Herncl.
664 3422 720 3477 p.
742 3402 825 3456 ⁵0.
843 3406 1010 3459 Sena.
1034 3434 1107 3446 -
1121 3408 1289 3456 Fulcie
1300 3408 1471 3456 Aculla

436 3480 676 3535 Pithoeus
699 3499 730 3535 e
754 3482 888 3536 Ven.
914 3482 1064 3537 dedit
1085 3502 1101 3537 τ
1140 3482 1267 3536 hinc
1300 3486 1471 3535 Adula

440 3560 612 3614 Huds.
640 3559 735 3615 sed
754 3562 948 3616 rectius
972 3564 1135 3636 Cusp.
1164 3575 1215 3616 et
1234 3552 1465 3617 Va‘diau.

441 3644 651 3693 Adulas.

370 3766 375 3773 .
513 3716 636 3784 433.
680 3718 1019 3793 Antiquiores
1048 3720 1307 3775 editiones
1328 3719 1469 3775 vad.

439 3798 579 3852 Pith.
606 3816 881 3871 perperam
902 3798 1232 3873 distinguunt
1252 3804 1470 3872 Gurgitis

444 3882 659 3941 Oceani,
690 3882 847 3931 donec
873 3884 1083 3933 borealis
1096 3919 1110 3941 ,
1138 3893 1236 3934 etc.
1262 3878 1471 3935 Hudso-

444 3978 545 4013 nus
590 3977 718 4012 vero
766 3972 907 4013 recte
956 3958 1199 4015 distinxit
1273 3986 1295 4007 ι
1330 3960 1469 4015 Gur·

438 4038 595 4109 gitis,
628 4038 828 4095 Oceani
848 4038 1021 4093 donec
1046 4040 1272 4094 borealis
1296 4041 1350 4093 in
1372 4059 1470 4093 un-

441 4116 539 4171 das
560 4118 760 4173 Effluat
776 4146 817 4173 a.
842 4120 1113 4192 Compara
1130 4119 1441 4191 Dionysium
1454 4160 1471 4186 ‚

1567 1752 1616 1786 v·
1643 1731 1776 1798 283,
1815 1741 1868 1784 et
1889 1731 2156 1782 Avienum
2179 1727 2356 1800 ipsum
2384 1745 2433 1778 v.
2462 1731 2602 1792 416,

1569 1813 1664 1866 ubi
1693 1811 1888 1885 pariter
1915 1838 1940 1857 α
1953 1811 2203 1863 Oceanus
2234 1805 2500 1860 borealis»
2521 1806 2602 1860 di-

1569 1892 1728 1946 citur.
1755 1890 1999 1944 Barthius
2020 1888 2089 1942 ad
2111 1887 2300 1941 Claud.
2323 1906 2442 1958 pag.
2463 1895 2568 1957 974
2585 1925 2600 1950 ,

1565 1991 1728 2043 prava
1745 1969 2080 2024 distinctione
2105 1967 2360 2039 deceptus
2391 1979 2468 2021 est
2487 2007 2502 2032 ,
2543 1979 2602 2018 ut

1572 2055 1759 2105 Oceani
1780 2051 1886 2105 hoc
1913 2051 2032 2103 loeo
2053 2067 2152 2122 pro
2177 2045 2441 2121 adjectivo
2459 2046 2601 2100 acci-

1565 2143 1730 2206 peret.
1759 2131 1927 2186 Scan.

1637 2211 1760 2276 435.
1801 2213 2026 2264 Pmdune
2051 2222 2240 2260 secreta
2260 2220 2455 2275 repente
2477 2211 2602 2256 Bar*-

1566 2295 1712 2342 bara.
1733 2291 1968 2345 Barbara
1987 2297 2192 2344 secreta
2209 2299 2334 2340 sunt
2351 2283 2600 2338 interiora

1565 2384 1616 2424 et
1644 2370 1820 2424 minus
1845 2370 2058 2445 cognita
2081 2366 2164 2421 vel
2189 2368 2462 2419 inaccessa
2483 2357 2598 2418 loc'a

1565 2450 1850 2516 barbariae,
1877 2462 1937 2502 ut
1952 2448 2199 2510 Tacitus,
2215 2446 2401 2499 Germ.
2425 2464 2470 2496 c.
2493 2445 2563 2509 40
2581 2482 2597 2507 ,

1567 2556 1594 2576 α
1609 2530 1890 2583 secretIOra
1910 2528 2214 2581 Germania
2237 2552 2282 2595 n,
2317 2537 2370 2578 et
2391 2544 2510 2597 cap.
2527 2523 2598 2591 45

1569 2634 1591 2655 ι
1614 2621 1812 2663 secreta
1831 2608 2068 2662 Orientis
2085 2633 2111 2654 ·
2134 2605 2284 2660 dicit.
2313 2605 2418 2659 W.

1639 2688 1758 2761 437.
1786 2692 1997 2741 Abnoba
2028 2708 2168 2740 mons
2195 2694 2324 2739 Istro
2336 2699 2489 2754 pater
2509 2699 2596 2736 est.

1559 2770 1760 2823 Veram
1788 2768 2070 2823 lectionem
2105 2771 2317 2819 Abnoba
2346 2762 2599 2817 adserunt

1559 2848 1700 2902 Plin.
1726 2850 1828 2911 lv,
1862 2868 1924 2915 ²3
1969 2847 2140 2901 Tacit.
2169 2846 2358 2899 Germ.
2387 2862 2506 2915 cap.
2533 2860 2554 2895 1
2579 2861 2592 2894 :

1561 2948 1660 2983 uec
1684 2928 1839 2982 aliter
1872 2928 2082 2999 scripsit
2107 2926 2423 2979 Ptolemoeus
2442 2964 2457 2987 ,
2479 2940 2598 2995 pag.

1561 3008 1648 3078 57,
1686 3012 1775 3071 26,
1813 3009 1903 3071 43,
1943 3020 1995 3061 et
2035 3006 2132 3076 59,
2161 3006 2231 3070 3,
2268 3020 2596 3077 quamquam

1559 3086 1735 3140 editur
1753 3088 1954 3142 Αὔνοὸα
1976 3111 1989 3125 ·
2025 3105 2151 3139 nam
2182 3082 2401 3139 Coislin.
2430 3080 2598 3135 codex

1557 3164 1718 3219 hahet
1735 3158 1940 3223 Ᾰὸνοῧα
1961 3169 2014 3216 et
2031 3159 2340 3223 Ᾰῧνοὸαίων.
2353 3164 2597 3218 Scan.—

1557 3252 1712 3298 Paeer
1745 3262 1831 3299 est.
1857 3245 2032 3301 Dictio
2061 3246 2265 3298 Avieno
2299 3240 2595 3297 fammaris.

1560 3325 1812 3379 Similiter
1825 3345 1877 3379 v.
1893 3324 1994 3397 903
2014 3347 2026 3377 :
2047 3352 2074 3371 κ
2091 3322 2332 3399 Gurgitis
2350 3323 2595 3377 Oceanus

1558 3417 1710 3477 pater
1735 3417 1816 3459 est
1835 3431 1879 3459 ι.
1900 3406 2003 3459 En.

1631 3486 1759 3551 438.
1797 3486 1958 3542 Recte
1992 3483 2230 3538 distinxit
2261 3482 2588 3537 Hudsonusss

1560 3590 1585 3610 α
1611 3562 1757 3617 cadit
1802 3564 2042 3618 Abnoba
2086 3562 2242 3617 hiatu
2289 3562 2516 3615 Flumen
2543 3586 2591 3613 a.

1559 3644 1736 3697 Minus
1770 3657 1948 3698 autem
1989 3644 2102 3697 fero
2143 3640 2383 3715 ejusdem
2419 3644 2598 3713 conje-

1559 3734 1764 3778 cturam
1785 3743 1797 3777 ε
1835 3730 2062 3792 Eoos-que
2085 3726 2274 3774 statim·
2317 3721 2404 3774 Ita
2447 3717 2592 3773 idem

1559 3816 1612 3857 et
1625 3802 1732 3859 alio
1749 3805 1868 3859 loco
1887 3818 2051 3855 autem
2069 3801 2298 3855 mutavit
2318 3802 2372 3853 iu
2389 3818 2564 3869 agvnm
2575 3836 2592 3858 ,

1559 3884 1669 3937 sine
1707 3884 1812 3937 ulla
1851 3882 2172 3936 necessitate.
2205 3880 2372 3935 Scan.
2403 3910 2477 3919 —
2509 3877 2595 3930 Pi-

1559 3962 1726 4016 thoeus
1763 3975 1816 4017 et
1854 3961 2178 4033 antiquiores
2210 3960 2593 4030 interpungunt

1557 4054 1676 4113 post
1703 4044 1868 4102 biatu,
1903 4053 1954 4095 et
1981 4042 2294 4096 continuant
2314 4044 2514 4091 Flumen
2537 4039 2589 4087 in

1561 4127 1692 4172 Eoos
1732 4136 1911 4172 autem.
