2996 4685
435 345 567 432 524

784 352 867 417 R.
922 349 995 414 F.
1050 344 1399 414 AVIENI
1450 343 1928 413 CARMINA
1979 343 2196 416 MIN.

524 475 708 540 Dum
746 493 991 563 parvus
1030 466 1309 562 lychnus
1354 465 1691 536 modicum
1729 481 2081 535 consumat
2115 466 2308 549 olivi,
2363 455 2368 458 ’

525 585 683 650 Haec
718 579 834 647 dat
871 578 1219 648 nocturnis
1258 601 1389 646 nox
1435 576 1786 647 lucubrata
1821 577 2153 645 Camenis.

424 786 648 856 alioque
665 786 905 856 vulgata.
924 788 1156 836 Prandeo
1198 783 1355 836 etiam
1398 782 1452 836 in

429 863 547 918 cod.
575 863 724 916 Leid.
753 875 805 915 et
828 867 964 924 lavo,
992 866 1157 914 laudo.
1186 862 1449 916 Banu.—

424 947 674 996 Prandeo.
710 942 831 994 Nou
857 959 1006 1014 ’σερε
1044 941 1291 1014 quidem,
1318 953 1451 994 atta-

426 1039 551 1074 men
599 1019 889 1092 aliquando
952 1039 1103 1074 senes
1155 1032 1207 1073 et
1262 1021 1453 1091 pueri,

427 1101 592 1155 immo
628 1112 678 1153 et
712 1100 828 1154 sani
864 1098 1213 1172 prandebant.
1251 1101 1356 1154 En.
1382 1131 1451 1140 —

426 1179 588 1235 Notes
604 1181 691 1234 hic
706 1221 723 1247 ‚
742 1200 771 1233 e
788 1180 1033 1252 pluribus
1052 1179 1448 1252 singulariisque

431 1261 649 1313 vocibus
672 1261 932 1331 integrum
950 1277 1165 1312 versum
1190 1260 1452 1331 constipa-

429 1339 505 1404 ri,
538 1357 697 1410 quem
747 1357 949 1393 morem
994 1339 1315 1411 geniumque
1364 1357 1447 1391 se-

430 1418 630 1488 quioris
656 1419 754 1472 aevi
778 1431 1057 1489 poetarum
1082 1436 1221 1484 esse,
1243 1415 1451 1470 dudum

429 1499 609 1551 notavi
636 1497 703 1551 ad
735 1497 969 1552 Pentadii
1002 1499 1164 1568 epigr.
1205 1496 1340 1570 (huj.
1360 1515 1449 1568 op.

429 1588 554 1629 tom.
575 1578 685 1644 111,
708 1597 763 1650 p.
788 1579 909 1632 325.
934 1577 1065 1647 En.)
1082 1576 1243 1629 Unde
1260 1579 1418 1629 etiam
1435 1611 1451 1638 ,

428 1656 679 1710 Martialis
725 1657 828 1709 hoc
876 1657 1199 1728 epigramma
1238 1655 1453 1708 minime

430 1753 572 1798 esse,
616 1736 764 1788 facile
788 1754 1049 1806 agnoscas.

503 1818 553 1870 8.
578 1821 704 1868 Dum
729 1835 909 1883 parvus
941 1818 1143 1881 (rc-lmus
1160 1853 1177 1876 ‚
1207 1826 1305 1868 etc.
1343 1813 1455 1869 Hos

431 1893 568 1948 duos
608 1894 787 1948 addidi
824 1915 1001 1948 versus
1020 1937 1036 1962 ‚
1064 1895 1159 1966 qui
1198 1894 1341 1968 apud
1372 1895 1453 1946 Pi-

433 1974 635 2028 thoeum
698 1973 1087 2038 desiderantur,
1146 1994 1213 2028 ex
1271 1973 1455 2028 codice

437 2055 693 2108 vossiano
724 2056 791 2108 ab
829 2054 1044 2109 Heinsio
1070 2054 1289 2114 collato,
1311 2055 1459 2108 Wit-

1541 784 1722 848 tiano,
1750 795 1802 836 et
1847 781 2060 836 duobus
2103 782 2220 835 aliis
2253 783 2558 836 vossianis:

1542 864 1635 934 qui
1669 863 1824 915 etiam
1843 861 1900 914 in
1920 861 2168 916 Scriverii
2196 873 2248 914 et
2275 863 2392 914 aliis
2422 863 2564 915 Mur-

1544 943 1680 996 tialis
1753 941 2076 996 editionibus
2147 943 2562 1015 subjunguntur.

1553 1025 1802 1074 Consumit
1828 1022 1885 1074 in
1912 1021 2186 1075 Wittiano
2221 1035 2274 1074 et
2298 1022 2452 1075 Voss.
2471 1042 2564 1073 nec

1543 1099 1708 1152 datin
1735 1091 1925 1154 eodem
1945 1139 1961 1165 ‚
1987 1113 2040 1154 et
2081 1101 2258 1173 primo
2301 1119 2366 1154 ac
2408 1101 2564 1154 tertio

1541 1179 1783 1234 Vossian.
1826 1183 2106 1232 elucubrata
2138 1181 2195 1234 in
2218 1180 2427 1234 Thuan.
2452 1181 2565 1232 Vn·

1539 1259 1627 1312 tic.
1652 1271 1704 1312 et
1733 1261 1887 1313 Voss.
1914 1259 2250 1313 Euam—Ad
2275 1259 2421 1312 hunc
2449 1277 2567 1312 ver·

1539 1358 1656 1392 snm
1685 1340 2021 1393 conferantur
2047 1341 2223 1408 vigiles
2245 1340 2413 1404 {rahni
2433 1336 2565 1409 (huj.

1541 1437 1634 1490 op.
1659 1431 1790 1470 tom.
1807 1419 1898 1470 111
1913 1457 1928 1482 ,
1961 1437 2014 1488 p.
2033 1418 2137 1482 405
2153 1455 2170 1481 ‚
2203 1430 2312 1470 not.
2325 1422 2386 1479 ’4.
2409 1417 2566 1484 En.);

1542 1510 1594 1550 et
1617 1511 1900 1549 nocturnum
1926 1501 2101 1550 olivum
2131 1497 2186 1549 in
2206 1495 2370 1550 Cassii
2389 1495 2568 1548 Parm-

1544 1576 1710 1649 Orph.
1732 1578 1870 1649 (huj.
1897 1597 1987 1650 op.
2009 1589 2137 1629 tom.
2157 1579 2206 1643 Ι,
2225 1595 2282 1648 p.
2301 1575 2566 1646 667.En.)

1615 1677 1668 1724 9.
1681 1662 1802 1708 Haec
1814 1661 1906 1708 dat
1916 1658 2184 1708 nocturnis.
2205 1655 2534 1727 Interpretor
2548 1674 2562 1708 ε

1546 1737 1672 1790 Haec
1698 1747 1875 1790 nutem
1897 1775 1912 1802 ,
1935 1748 1995 1789 nt
2020 1735 2325 1808 rogantibus
2351 1754 2568 1809 respon-

1546 1815 1698 1869 deam
1713 1853 1728 1880 ,
1749 1815 1924 1868 scribo
1947 1825 2110 1868 noctu
2128 1852 2145 1877 ,
2165 1815 2416 1887 quoniam
2435 1832 2569 1886 pras-

1545 1908 1626 1948 ter
1657 1909 1807 1948 actus
1832 1895 2050 1950 diurnos
2085 1895 2324 1965 paullum
2361 1907 2564 1965 tempo·

1543 1975 1615 2028 ris
1643 1987 1697 2026 et
1719 1975 1824 2027 olei
1847 1973 2152 2046 impendere
2171 1973 2442 2027 nocturnis
2461 1984 2566 2025 stu-

1546 2055 1650 2108 diis
1678 2055 1838 2108 soleo.
