2996 4685
363 415 370 422 ·
461 404 541 450 12
959 383 1092 453 DE
1147 385 1233 451 R.
1287 381 1605 450 FESTO
1669 379 2063 450 AVIENO.

449 511 651 601 legat,
681 513 912 576 statim
955 512 1291 578 hominem
1332 511 1767 576 Christianum
1803 510 1987 599 loqui
2020 510 2325 598 opinetur
2344 509 2579 592 P‘Quis

453 631 557 680 tot
588 617 916 705 praeclaras
951 620 1300 682 sententias
1335 617 1874 705 philosophorum
1908 630 2199 680 veterum
2234 613 2317 680 de
2350 614 2582 678 huma-

454 723 654 786 nitate
693 738 759 787 et
791 721 917 789 fide
953 724 1148 789 etiam
1179 723 1478 790 hostibus
1512 721 1871 787 exhibenda
1906 721 2157 787 nescit?
2193 721 2339 809 quis
2370 741 2584 784 exem-

451 829 558 916 pla
591 830 878 895 virorum
909 830 1296 913 illustrium,
1342 830 1457 918 qui
1487 851 1558 894 se
1587 828 1925 918 placabiles
1960 844 2027 892 et
2055 825 2382 892 beneficos
2416 826 2583 892 adeo

455 933 592 997 suis
617 933 892 1002 inimicis
919 935 1386 1024 praebuerunt?
1413 935 1587 999 Fuse
1607 935 1737 999 hoc
1763 955 1973 1022 nuper
2000 931 2225 998 docuit
2250 934 2282 998 J
2289 982 2305 997 .
2330 935 2402 996 C.
2426 931 2581 996 Chr.

453 1038 794 1104 Fischerus
817 1089 836 1124 ,
865 1041 1034 1106 Diss.
1070 1041 1250 1130 Quid
1276 1041 1354 1105 de
1388 1036 1561 1131 offic.
1598 1055 1661 1104 et
1692 1063 1909 1103 amore
1944 1061 2095 1126 erga
2138 1041 2311 1102 inim.
2348 1035 2586 1102 Groecis

455 1157 520 1208 et
545 1145 726 1209 Rom.
753 1144 1084 1233 placuerit.
1121 1148 1294 1212 Halae
1312 1147 1472 1210 θαι.
1508 1145 1697 1234 1789.
1734 1142 1933 1227 Quod
1969 1143 2054 1208 ad
2083 1143 2331 1232 relifflia
2358 1142 2585 1207 Avieni

455 1251 629 1333 loca,
657 1249 740 1314 ad
767 1275 912 1340 quae
946 1253 1268 1319 Antonius
1298 1268 1639 1342 provocat,
1674 1251 1923 1316 adtinet
1941 1299 1961 1332 ,
1998 1250 2243 1316 etiamsi
2273 1249 2415 1314 haec
2446 1272 2590 1313 sen-

454 1357 724 1420 tentiam
757 1355 1068 1424 doctrinae
1105 1359 1480 1425 Christianae
1516 1357 1789 1422 similem
1824 1357 2063 1421 habere
2094 1356 2466 1441 videantur,
2506 1354 2588 1419 ad

457 1483 790 1526 summum
825 1478 1038 1530 tamen
1071 1465 1352 1554 aliquam
1381 1464 1703 1530 librorum
1736 1485 2066 1528 sacrorum
2093 1462 2414 1544 notitiam,
2440 1484 2594 1550 qua-

461 1566 586 1630 lem
617 1567 806 1633 multi
837 1569 943 1634 alii
967 1571 1312 1658 scriptores
1344 1570 1590 1635 ethnici
1620 1569 1996 1635 habuerunt
2015 1617 2033 1652 ,
2080 1568 2372 1658 produnt
2388 1617 2407 1651 ,
2454 1589 2590 1631 non

462 1673 1025 1740 Christianismum
1072 1677 1319 1742 Avieni.
1381 1677 1617 1765 Neque
1643 1698 1799 1742 vero
1835 1676 2175 1764 Antonius·
2192 1668 2381 1764 plane
2412 1671 2595 1738 adse-

457 1799 601 1842 rere
631 1778 857 1864 audet,
892 1781 1216 1846 Avienum
1255 1780 1660 1870 professione
1704 1780 2145 1850 Christianum
2197 1780 2395 1846 fuisse
2414 1827 2433 1860 ,
2480 1777 2594 1843 sed

459 1884 683 1949 saltem
699 1935 717 1968 ,
747 1886 928 1976 quod
953 1902 1156 1976 optat,
1183 1887 1410 1971 credit,
1436 1887 1637 1953 fuisse
1665 1887 2184 1956 Christianorum
2214 1886 2593 1975 dogmatum

459 2011 734 2078 gnarum
760 2008 825 2058 et
847 2009 1192 2060 amantem.
1219 1994 1346 2060 Alii
1372 1995 2061 2083 arrogantioressunt,
2095 2008 2295 2080 atque
2320 2007 2394 2056 ut
2416 1991 2599 2056 Avie-

462 2116 622 2158 num
653 2097 910 2163 Christo
941 2099 1274 2165 addictum
1310 2101 1595 2189 probent
1612 2148 1631 2180 ‚
1678 2114 1963 2162 utuntur
1992 2098 2379 2162 testimoniis
2415 2097 2598 2161 Luit-

460 2201 692 2289 prandi
724 2203 791 2266 in
820 2203 1218 2269 Adversariis
1238 2252 1256 2285 ,
1291 2220 1357 2268 et
1381 2205 1585 2268 Marci
1622 2204 1891 2268 Maximi
1923 2204 1989 2266 in
2029 2203 2356 2268 Chronico
2378 2251 2396 2284 ,
2433 2226 2599 2292 quos

463 2306 665 2373 libros
699 2307 1010 2374 confictos
1047 2311 1112 2374 in
1159 2310 1429 2400 gratiam
1463 2311 1905 2399 Hispanorum
1934 2325 2000 2374 et
2030 2309 2398 2399 suppositos
2426 2332 2598 2392 esse,

465 2411 719 2478 dudum
755 2414 1148 2481 cordatiores
1179 2417 1331 2499 viri,
1358 2417 1428 2481 in
1459 2417 1669 2505 iisque
1700 2417 1839 2504 ipse
1856 2415 1998 2480 Nic.
2027 2416 2382 2498 Antonius,
2404 2438 2603 2504 agno-

463 2534 722 2586 verunt.
768 2520 1080 2587 Fundum
1115 2522 1254 2603 ejus
1290 2522 1619 2611 opinionis
1664 2543 1804 2587 esse
1851 2543 2133 2585 errorem
2182 2522 2253 2585 in
2296 2522 2563 2587 nomine
2583 2568 2601 2602 ‚

463 2641 534 2689 et
569 2628 838 2691 fortasse
873 2628 1313 2693 Christianum
1349 2624 1688 2692 hominem
1725 2627 2159 2716 eumdemque
2204 2628 2565 2716 Hispanum
2582 2674 2601 2707 ,

465 2731 576 2818 qui
633 2731 829 2797 simili
880 2733 1148 2799 nomine
1195 2749 1493 2798 uteretur
1511 2782 1529 2816 ,
1570 2735 1919 2799 confusum
1970 2755 2108 2799 esse
2162 2756 2317 2799 cum
2353 2732 2603 2799 Avieno

463 2852 688 2923 poeta,
735 2837 1015 2904 subinde
1060 2838 1378 2921 judicavi,
1409 2838 1524 2905 sed
1567 2862 1800 2929 parum
1842 2841 2041 2903 refert
2060 2888 2081 2921 ,
2122 2840 2193 2903 in
2242 2838 2603 2903 rationibus

463 2940 760 3007 absurdae
805 2945 1140 3009 sententiae
1183 2942 1563 3035 indagandis
1610 2946 1921 3013 laborare.
1971 2945 2105 3029 Qui
2126 2994 2145 3027 ,
2190 2968 2337 3033 quae
2372 2944 2605 3032 scripta

468 3047 549 3111 ab
579 3049 826 3113 Avieno
858 3066 1046 3132 sunt,
1077 3067 1274 3140 atque
1303 3050 1418 3116 vel'
1443 3069 1796 3141 supersunt
1838 3050 2067 3133 hodie,
2109 3052 2209 3115 vel
2238 3050 2603 3140 perierunt,

471 3152 873 3237 consideret,
910 3178 1008 3219 nae
1046 3156 1100 3221 is
1144 3158 1332 3246 plane
1379 3157 1641 3246 ineptus
1684 3175 1752 3223 et
1792 3158 2169 3222 Christianoe
2206 3154 2607 3244 antiquitatis

468 3259 732 3347 ignarus
761 3260 844 3325 sit
861 3311 882 3343 ,
913 3278 1174 3351 oportet
1191 3312 1210 3346 ,
1241 3265 1357 3352 qui
1389 3279 1725 3329 auctorem
1759 3285 1989 3329 eorum
2026 3262 2265 3327 Christi
2296 3261 2606 3351 religione

468 3363 794 3431 imbutum
820 3383 1032 3456 putet.
1065 3369 1128 3433 N
1130 3392 1220 3432 on
1249 3369 1546 3433 solebant
1575 3369 1952 3457 scriptores,
1984 3367 2335 3457 praesertim
2364 3382 2570 3457 poetae
2586 3414 2604 3447 ,

473 3470 590 3557 qui
621 3493 690 3537 se
721 3472 982 3537 Christo
1017 3472 1436 3556 addixerant,
1471 3474 1543 3537 in
1576 3474 1895 3555 ejusmodi
1927 3475 2321 3565 argumentis
2348 3472 2606 3537 Musam

471 3595 770 3639 exercere
788 3624 807 3658 ,
857 3578 922 3641 in
970 3578 1210 3667 quibus
1263 3595 1439 3643 totus
1457 3648 1466 3659 ,
1483 3578 1913 3668 assiduusque
1957 3579 2272 3645 laboravit
2304 3577 2606 3641 Avienus.

475 3680 611 3763 Qui
643 3704 712 3746 se
737 3681 1017 3762 jactabat
1038 3684 1293 3751 assidue
1312 3685 1601 3751 carmina
1619 3685 1898 3751 scribere
1914 3734 1935 3769 ,
1969 3685 2374 3749 Christianus
2401 3682 2609 3747 factus

472 3786 648 3851 haud
688 3787 887 3854 dubie
937 3812 1006 3855 se
1045 3788 1128 3854 ad
1175 3793 1460 3857 sanctius
1511 3774 2011 3880 argumentum,
2069 3813 2145 3855 ex
2194 3789 2463 3855 historia
2504 3788 2607 3852 vel

473 3890 771 3957 doctrina
804 3916 982 3959 sacra
1010 3896 1288 3985 petitum
1309 3946 1328 3979 ,
1375 3916 1452 3962 ut
1495 3913 1596 3963 tot
1641 3898 1747 3961 alii
1791 3914 1999 3986 poetae
2045 3896 2338 3961 fecerunt
2352 3944 2371 3977 ,
2411 3892 2615 3982 adpli-

479 4000 720 4065 cuisset
737 4048 756 4081 ,
785 4022 920 4065 non
954 4002 1409 4068 transferendis
1433 4020 1776 4092 poetarum
1812 4002 2153 4094 gentilium
2184 3998 2577 4067 carminibus
2596 4047 2614 4079 ,

481 4128 841 4195 eorumque
868 4108 1098 4173 fabulis
1127 4125 1192 4174 et
1223 4111 1793 4199 superstitionibus
1820 4108 2209 4199 explicandis
2238 4107 2613 4179 inhaesisset.
