2996 4685
579 302 712 374 552
1316 307 1397 372 R.
1453 307 1524 372 F.
1576 307 1938 376 AVIENI

670 428 902 515 Quum
938 426 1210 496 cedente
1246 424 1352 494 die
1388 426 1679 496 Phoebus
1714 428 1837 496 sub
1883 442 2077 496 nocte
2118 429 2511 522 propinqua

671 538 1018 609 Occiduus
1047 562 1291 632 pronos
1321 551 1593 631 urgeret
1628 537 1697 606 in
1732 562 2303 632 aequora-currus,

669 647 1139 743 Usurpandam
1177 646 1386 716 oculis
1421 672 1558 716 sese
1594 647 1795 717 dabat
1828 648 2333 718 adcurrentum:

669 761 820 830 Non
843 773 940 846 ,ut
977 757 1146 827 fessa
1179 757 1395 826 virfim
1435 773 1773 852 repararet
1817 758 2056 853 gaudia
2090 757 2313 844 vultu,

670 869 802 938 Sed
837 868 1106 962 crepula
1147 883 1224 938 ut
1266 867 1397 937 late
1423 884 1717 937 vomeret
1746 870 2043 938 convicia
2068 893 2273 938 voce:
2647 892 2719 930 κύ

671 980 1017 1066 «Parcite,
1042 977 1172 1047 vile
1206 1003 1444 1073 genuS,
1474 978 1806 1072 lacrymiS,
1842 978 2087 1064 aiebat,
2126 974 2424 1045 obortis!

671 1093 922 1158 Caussa
945 1087 1364 1184 querelarum
1393 1103 1689 1158 vestrum
1728 1103 1827 1159 est
1858 1086 2090 1171 sceluS‚
2119 1111 2320 1156 aurea
2355 1085 2715 1180 quondam

669 1201 900 1270 Judice
947 1227 1052 1270 me
1083 1201 1283 1268 vestri
1311 1199 1619 1268 vixerunt
1652 1197 1840 1268 saecla
1882 1212 2207 1293 parentes,

669 1311 976 1403 Degener
1013 1311 1083 1378 in
1119 1308 1304 1378 vobis
1340 1310 1636 1394 animus;
1666 1307 1935 1378 solertia
1970 1307 2156 1377 vobis

673 1419 991 1515 Pervigi13
1018 1435 1158 1490 arte
1199 1443 1372 1488 nova
1407 1420 1611 1487 vitam
1658 1419 2004 1486 traducere
2038 1441 2182 1486 mos
2217 1431 2339 1486 est.
2646 1439 2719 1476 ³³2

674 1533 896 1600 Omne
931 1555 1142 1599 aevum
1183 1530 1416 1600 studiis
1453 1529 1796 1599 excuditis.
1822 1529 1998 1597 Hinc
2032 1553 2297 1622 quoque
2334 1553 2661 1612 rursum,

676 1639 854 1708 Proh
892 1640 1111 1734 pudor
1143 1655 1340 1733 atque
1377 1635 1597 1707 dolor!
1628 1652 1937 1707 nascetur
1962 1637 2156 1707 vilior
2182 1654 2375 1723 aetas;

675 1753 762 1818 Et
798 1748 1079 1817 lacerata
1121 1773 1318 1843 genas
1355 1749 1480 1816 ibit
1523 1745 1792 1816 Bellona
1836 1773 1957 1843 per
1998 1749 2195 1817 urbes

675 1859 948 1944 Saucia,
974 1873 1050 1928 ut
1089 1859 1328 1927 infidas
1363 1860 1625 1952 agitent
1653 1859 2017 1926 certamina
2056 1872 2383 1926 mentes».

677 1973 838 2038 Haec
878 1969 993 2039 ubi
1029 1985 1384 2064 permoesto
1425 1993 1628 2037 rauco
1672 1983 2091 2064 congesserat
2126 1994 2273 2054 ore,
2652 1996 2723 2032 335

681 2079 857 2148 Alite
902 2105 1228 2175 procursu
1265 2103 1404 2148 sese
1440 2079 1511 2146 in
1552 2102 1843 2146 convexa
1878 2078 2133 2146 ferebat

674 2191 1018 2276 ProtinuS,
1051 2205 1248 2284 atque
1285 2175 1513 2258 oculos
1546 2188 1805 2282 fugiens
1836 2213 2034 2256 exosa
2068 2201 2467 2280 sequentum

675 2297 1064 2394 Linquehat
1093 2314 1300 2368 coetus
1336 2299 1706 2369 hominum.
1746 2299 1910 2368 Ruit
1943 2299 2084 2369 haec
2126 2323 2398 2393 quoque
2440 2325 2727 2369 rursum

673 2410 963 2507 Vivendi
1000 2411 1230 2494 series,
1263 2434 1340 2478 ac
1376 2436 1747 2480 successere
1783 2408 2096 2504 pudendo

683 2522 872 2587 AErea
911 2518 1098 2587 saecla
1123 2519 1390 2590 habitu:
1419 2521 1601 2589 fraus
1638 2519 1847 2605 ilicet,
1873 2534 1939 2587 et
1974 2520 2161 2589 furor
2195 2520 2477 2601 ardens,
2658 2540 2731 2581 ³«0

678 2636 900 2724 Atque
944 2646 1258 2699 cruentus
1293 2656 1480 2699 amor
1512 2628 1839 2725 chalybis,
1872 2631 2222 2724 segnisque
2256 2627 2479 2698 libido
2500 2683 2521 2715 ‚

680 2743 762 2809 Et
795 2738 1169 2809 malesuada
1205 2740 1374 2809 lucri
1411 2740 1623 2809 rabies
1658 2740 1877 2826 subit;
1906 2740 2127 2808 omnia
2163 2754 2381 2807 terror

679 2853 1012 2945 Degener,
1051 2877 1129 2921 ac
1164 2866 1410 2921 moestae
1443 2850 1640 2920 facies
1682 2849 2055 2919 formidinis
2094 2847 2347 2942 implet.

581 3042 747 3096 lectio.
781 3048 990 3094 Pendere
1021 3046 1076 3097 h.
1111 3046 1150 3096 l.
1194 3058 1272 3097 est
1285 3084 1300 3111 ,
1347 3056 1594 3097 monente
1680 3060 1779 3101 test
1796 3086 1815 3113 ‚
1847 3048 2120 3119 Virginem
2137 3048 2345 3113 pulchra
2368 3065 2509 3096 voce
2540 3052 2729 3101 com-i·

578 3121 796 3189 Gmfio,
820 3123 1203 3193 μιτιωρίζισθσιι,
1225 3124 1443 3195 jactari,
1461 3124 1595 3194 peri·
1682 3128 1763 3181 cia
1788 3146 1999 3177 vomere.
2013 3126 2156 3197 Ergo
2188 3134 2281 3177 aut
2304 3124 2603 3193 vulgatum
2628 3150 2729 3179 en·-

585 3201 754 3254 clitari
769 3244 784 3268 ,
819 3214 879 3254 ut
903 3220 1036 3273 saepe
1061 3202 1202 3273 apud
1227 3203 1524 3256 Manilium.
1674 3212 1831 3274 prela,
1860 3218 1949 3260 aut
1974 3226 2173 3275 crepera
2201 3202 2560 3257 retinendum
2584 3210 2705 3261 erit.

650 3280 771 3334 323.
819 3284 985 3333 Oculis
1026 3301 1126 3333 sese
1173 3286 1344 3335 dabat.
1381 3282 1590 3354 Vulgo:
1756 3288 1875 3339 326.
1907 3290 2151 3351 Lacmnis
2174 3289 2343 3337 aiebat
2364 3293 2587 3339 obortis.
2624 3289 2729 3341 Ed.

578 3364 727 3411 oculis
747 3380 798 3411 se
823 3364 991 3412 dabat.
1682 3364 1801 3419 Ald.
1832 3366 2013 3419 vitiose
2055 3370 2120 3416 ab
2165 3369 2299 3416 oreis.
2342 3366 2565 3419 Eadem
2608 3388 2729 3440 per-

651 3440 769 3492 325.
802 3444 900 3491 Sed
923 3460 1120 3507 crepera
1157 3456 1212 3491 ut
1245 3444 1347 3492 late
1379 3456 1596 3491 vomeret
1683 3462 1860 3515 peram
1894 3463 1974 3498 vs.
2012 3445 2113 3497 336
2136 3463 2152 3495 ε
2182 3444 2362 3496 -Alite
2402 3464 2515 3517 pm
2562 3467 2727 3500 cursu

579 3522 793 3569 convicia
859 3540 995 3573 voce.
1054 3520 1142 3573 Sic
1201 3520 1593 3573 rescribendum
1683 3542 1794 3577 sese
1818 3522 2107 3575 inconvexa
2129 3522 2331 3574 ferebat
2346 3548 2393 3574 ι.

580 3598 804 3669 conjecit
829 3598 1061 3652 Grotius.
1081 3601 1200 3651 Vox
1225 3619 1420 3667 crepera
1444 3620 1475 3653 a
1495 3620 1597 3651 cre·
1755 3602 1875 3655 328.
1910 3604 2082 3653 Judice
2118 3620 2209 3654 me.
2252 3602 2401 3654 Male
2434 3604 2599 3676 vulg.
2638 3613 2725 3657 In-

576 3678 745 3743 pando
767 3674 1044 3730 deducitur
1061 3718 1076 3745 ,
1095 3678 1241 3731 unde
1266 3692 1318 3731 et
1343 3684 1594 3747 increpare
1680 3686 1801 3733 dice.
1820 3681 1921 3733 En.

581 3752 823 3807 dicimus.
862 3756 1092 3809 Avienus
1125 3758 1262 3811 infra
1302 3778 1381 3811 vs.
1417 3776 1544 3811 1001
1573 3778 1587 3811 ι
1750 3762 1869 3822 342.
1886 3766 1953 3811 Ee
1974 3762 2259 3813 malesuada
2276 3763 2405 3811 lucri
2423 3764 2603 3813 rabies
2622 3768 2725 3813 snb

581 3860 606 3878 ι-
624 3834 826 3902 creperi
849 3834 1130 3888 succedens
1163 3849 1339 3909 stagna
1371 3838 1591 3909 profun—
1680 3844 1731 3890 ic.
1778 3840 1841 3891 In
1876 3840 2099 3911 vulgatis
2138 3839 2273 3890 male
2314 3837 2719 3911 distinguitur:

577 3910 636 3964 di
667 3936 708 3964 ι.
751 3912 1026 3983 Proposuit
1047 3915 1258 3969 Grotius
1283 3917 1437 3969 aliam
1467 3936 1593 3970 con-
1684 3944 1709 3965 ι
1732 3918 1903 3973 rabies
1946 3917 2085 3971 subit
2130 3918 2339 3979 omniu
2365 3918 2587 3973 Ten-or
2626 3925 2725 3975 De-

573 3992 870 4064 jecturam:
904 3994 1110 4059 pulchra
1143 4012 1242 4065 pro
1277 4000 1496 4063 crepula,
1536 4006 1595 4049 ut
1680 4016 1862 4069 gener,
1886 4015 1947 4049 ac
1980 4007 2171 4049 moestae
2204 3995 2367 4049 facies
2406 3996 2725 4053 formidinis

582 4072 736 4142 vulgo
763 4071 970 4145 legitur.
1009 4072 1108 4125 Vix
1141 4084 1314 4125 autem
1343 4074 1470 4127 ferri
1495 4094 1591 4145 po·
1680 4076 1857 4147 implet
1878 4102 1921 4127 n.
