2996 4685
555 361 648 406 20
1066 339 1222 407 DE·
1256 341 1338 406 R.
1394 339 1712 407 FESTO
1761 338 2164 409 AVIENO.

549 468 848 533 monium
886 467 990 531 ille
1025 485 1364 555 provocat,
1401 492 1608 557 quum
1640 469 1777 549 ejus
1811 485 1886 534 ut
1916 470 2147 557 nuperi
2180 469 2509 558 scriptoris
2542 495 2685 538 me-

550 573 742 638 minit
758 621 777 655 ‚
794 573 1208 639 remotiorem
1231 573 1610 640 Diocletiani
1629 589 1877 639 aetatem
1896 574 2254 664 significare
2277 598 2412 640 non
2438 593 2679 665 potest,

551 677 666 741 sed
695 677 826 742 suis
847 677 1033 742 annis
1054 679 1446 766 propiorem.
1481 681 1767 746 Decessit
1792 696 2008 744 autem
2036 681 2473 770 Hieronymus
2500 685 2571 748 A.
2604 685 2680 749 C.

551 787 700 863 420.
747 785 1032 874 Longius
1071 783 1209 863 ejus
1245 801 1496 850 aetatem
1534 787 1885 876 protrahit,
1918 802 1985 851 et
2018 788 2207 851 certis
2240 786 2406 851 adeo
2438 787 2679 853 finibus

548 889 855 956 describit
886 908 1114 956 auctor
1144 892 1289 954 libri
1307 891 1852 959 ‚Adversariorum
1888 892 2288 981 Luitprando
2319 895 2637 982 suppositi
2658 953 2679 986 ‚

548 999 663 1086 qui
695 1016 936 1063 temere
966 997 1296 1079 adfirmat,
1329 998 1561 1064 eodem
1596 1021 1772 1063 anno
1808 1015 1875 1063 et
1908 998 2045 1082 die,
2082 1022 2216 1088 quo
2252 1017 2510 1064 sanctus
2540 1004 2676 1065 Au-

544 1105 842 1192 gustinus
873 1102 1162 1169 ascendit
1196 1105 1261 1167 in
1301 1105 1521 1186 caelos,
1554 1105 1831 1188 obiisse3
1860 1122 1925 1169 et
1957 1104 2066 1170 hic
2102 1105 2266 1169 obiit
2296 1108 2374 1171 A.
2411 1108 2485 1170 C.
2518 1106 2673 1183 430.

541 1209 669 1274 Sed
697 1227 770 1274 ut
795 1210 923 1274 hoc
947 1210 1236 1298 graviore
1259 1210 1640 1298 Hieronymi
1662 1210 2037 1274 testimonio
2060 1211 2404 1291 refutatur,
2424 1211 2513 1274 ita
2536 1212 2674 1275 aliis

539 1315 734 1378 rebus
765 1316 994 1379 Avieni
1040 1315 1462 1380 suadentibus
1508 1315 1884 1397 statuimus,
1908 1314 2087 1403 quod
2122 1315 2375 1380 dudum
2408 1316 2672 1398 Vossio,

539 1421 844 1486 Reinesio
865 1420 982 1510 (1),
999 1423 1269 1510 aliisque
1289 1422 1500 1486 visum
1530 1435 1626 1484 est
1642 1468 1660 1502 ,
1679 1421 1997 1484 Avienum
2021 1421 2427 1510 temporibus
2450 1422 2673 1486 Valen-

537 1526 766 1590 tiniani
785 1575 804 1610 ,
824 1527 1138 1604 Valentis,
1158 1527 1476 1610 Gratiani,
1497 1527 1768 1591 fortasse
1790 1543 1855 1591 et
1878 1528 2190 1593 maturius
2210 1528 2333 1592 sub
2352 1531 2673 1592 Constan-

537 1633 632 1696 tio
678 1651 743 1698 et
785 1635 1077 1716 saliano,
1110 1615 1435 1716 noniisse,
1471 1655 1684 1722 neque
1726 1632 1930 1696 videri
1974 1633 2157 1697 initia
2199 1634 2411 1721 quinti
2456 1634 2671 1698 saeculi

533 1738 814 1803 vivendo
841 1741 1146 1830 attigisse.
1179 1742 1322 1804 Hoc
1349 1756 1422 1803 ut
1449 1740 1753 1820 sentiam,
1776 1739 2069 1829 inprimis
2090 1761 2193 1804 me
2213 1755 2461 1823 movet,
2490 1739 2671 1828 quod

534 1842 962 1934 Symmachus
976 1895 993 1929 ‚
1023 1845 1136 1935 qui
1174 1845 1470 1935 epistolas
1503 1846 1839 1933 plerasque
1871 1845 1997 1909 sub
2022 1843 2393 1909 Theodosio
2430 1847 2701 1925 majore

531 1966 597 2014 et
646 1951 782 2033 ejus
836 1951 982 2018 filiis
1033 1953 1320 2041 scripsit,
1371 1967 1568 2040 atque
1617 1953 1791 2040 ipse,
1837 1967 1916 2015 ut
1966 1949 2377 2016 Gothofredo
2425 1953 2495 2015 in
2540 1950 2669 2015 vita

529 2057 902 2145 Symmachi
933 2058 1211 2140 videtur,
1239 2059 1408 2122 circa
1447 2080 1693 2122 annum
1746 2073 2051 2145 quartum
2102 2058 2316 2120 saeculi
2346 2057 2403 2120 V
2431 2057 2668 2121 obiisse

529 2159 808 2244 videtur,
830 2163 1074 2227 nullam
1102 2181 1320 2228 tamen
1349 2176 1463 2224 aut
1483 2161 1886 2226 mentionem
1914 2161 2138 2224 fecisse
2162 2161 2395 2225 Avieni
2424 2162 2625 2225 nostri
2642 2209 2663 2242 ‚

530 2283 644 2330 aut
661 2267 997 2357 epistolam
1017 2266 1099 2330 ad
1123 2289 1274 2330 eum
1293 2263 1547 2329 dedisse
1569 2265 1913 2353 reperitur,
1937 2265 2057 2331 etsi
2081 2266 2237 2331 huic
2259 2315 2276 2342 ‚
2299 2283 2377 2331 ut
2400 2266 2663 2332 credere

530 2395 645 2460 par
671 2390 798 2455 est,
831 2374 1001 2438 bene
1032 2372 1332 2462 cognitus
1365 2387 1432 2435 et
1465 2370 1853 2460 cognatione
1878 2372 2140 2451 junctus
2175 2373 2301 2439 fuit
2324 2372 2449 2463 (2),
2480 2392 2547 2439 et
2580 2374 2665 2438 ad

527 2480 718 2563 alios,
754 2501 923 2567 quos
952 2478 1184 2544 Avieni
1229 2491 1537 2567 cognatos
1576 2477 1773 2540 fuisse
1808 2477 2142 2561 novimus,
2174 2495 2250 2543 ut
2282 2480 2659 2544 Flavianum

524 2603 591 2652 et
642 2586 966 2665 Probum,
1000 2584 1274 2672 scripsit.
1320 2583 1606 2647 Avienus
1656 2581 1919 2671 quidem
1962 2583 2167 2649 videri
2207 2602 2425 2674 potest
2469 2588 2661 2675 plane

521 2691 782 2779 aequalis
799 2690 1169 2779 Symmachi
1193 2688 1390 2752 fuisse
1405 2736 1424 2769 ,
1445 2688 1498 2752 si
1526 2689 1579 2752 is
1602 2688 1737 2777 ipse
1756 2705 1852 2753 est
1867 2738 1883 2766 ‚
1914 2706 1990 2753 ut
2013 2690 2209 2779 vulgo
2238 2691 2657 2773 existimatur,

519 2820 716 2885 quem
748 2796 1116 2861 Macrobius
1149 2795 1221 2858 in
1248 2792 1693 2859 Saturnalibus
1726 2817 1858 2859 una
1892 2795 2268 2883 loquentem
2296 2820 2446 2861 cum
2476 2798 2659 2886 Sym-

522 2903 752 2966 macho
804 2900 1073 2965 inducit.
1123 2898 1252 2965 Sed
1299 2900 1448 2987 quia
1500 2900 1869 2965 Macrobius
1910 2901 2225 2966 Avienum
2268 2925 2462 2967 suum
2506 2919 2651 2967 tum

525 3156 726 3212 Chi-on.
747 3156 802 3210 in
823 3155 1088 3233 Aniceto„
1107 3167 1159 3209 et
1169 3156 1466 3210 Thevetum
1481 3193 1497 3221 ,
1530 3155 1625 3209 lib.
1649 3156 1733 3219 11,
1762 3155 1829 3209 de
1844 3155 1965 3209 Vir.
1985 3156 2177 3209 illustr.
2205 3174 2319 3228 cap.
2347 3163 2438 3222 41,
2462 3155 2647 3207 Avieni

520 3258 725 3300 atatem
757 3244 826 3300 ad
866 3243 1162 3299 secundum
1199 3263 1228 3298 a
1265 3256 1391 3298 nato
1429 3243 1641 3297 Christo
1680 3244 1931 3297 saeculum
1966 3242 2243 3307 retulisse;
2282 3255 2335 3298 et
2379 3243 2434 3296 in
2471 3242 2651 3297 indice

518 3334 846 3389 bibliotheca
869 3333 1141 3387 Vaticana!
1163 3333 1350 3387 referri
1381 3332 1446 3387 od
1473 3332 1723 3385 saeculum
1749 3333 1815 3385 X.
1842 3332 2141 3406 Utrumque
2162 3332 2381 3386 Vossius
2406 3350 2649 3404 pronun-

517 3420 613 3475 tiat
635 3440 748 3475 esse
771 3420 1054 3495 ejusmodi,
1075 3434 1136 3474 ut
1158 3438 1257 3474 nec
1277 3422 1436 3473 unius
1463 3418 1591 3473 assis
1613 3420 1817 3473 censeri
1844 3420 2329 3474 meream-Nouio
2353 3419 2649 3474 adsentitur

521 3512 640 3563 Nic.
667 3511 864 3563 Anton.
892 3509 926 3561 l.
952 3528 1002 3562 c.
1035 3528 1158 3582 pag.
1188 3509 1304 3563 158.

591 3634 667 3700 (ι)
703 3632 767 3682 In
793 3630 956 3701 Epist.
984 3628 1052 3682 ad
1074 3632 1210 3700 nup.
1239 3648 1295 3701 p.
1321 3628 1443 3683 625.

585 3750 662 3817 (ο)
699 3747 1086 3820 cognationem
1112 3746 1341 3817 aliquam
1363 3746 1669 3819 Symmachi
1687 3758 1740 3799 et
1756 3748 1945 3799 Avieni
1964 3744 2201 3799 indicare
2214 3744 2426 3799 videtur
2446 3763 2653 3805 nomen,

510 3838 671 3909 patris
703 3840 819 3911 ejus
851 3839 919 3890 L.
954 3834 1198 3888 Aurelius
1231 3835 1467 3888 Avienus
1503 3834 1883 3906 Symmachus,
1918 3834 2005 3887 cui
2032 3832 2269 3888 dicatum
2300 3834 2530 3905 elogium
2556 3852 2645 3885 ex·

509 3937 610 3978 stat
639 3923 784 3997 apud
807 3924 1020 3979 Gruter.
1047 3940 1166 3994 pag.
1198 3920 1326 3991 370,
1361 3941 1415 3975 n.
1454 3922 1503 3975 3.
1542 3920 1610 3973 Et
1644 3921 1956 3975 Flavianum
1988 3920 2362 3995 Probumque,
2407 3919 2477 3973 ad
2507 3938 2644 3991 quos

507 4012 689 4066 scribit
724 4008 1103 4082 Symmachus,
1142 4008 1339 4080 pariter
1374 4009 1577 4063 Avieno
1620 4012 1932 4083 conjunctos
1974 4010 2226 4080 sanguine
2269 4008 2467 4073 fuisse,
2515 4006 2640 4059 alibi

509 4100 834 4155 docebimus.
