2996 4685
853 389 988 485 An
1043 419 1338 486 oRAM
1389 420 2013 489 MAm‘rlMAM.
2354 417 2484 490 501

372 555 661 603 extremo
695 539 836 602 vitae
877 554 1168 626 tempore
1205 539 1292 602 ita
1328 537 1482 603 odio
1514 539 1771 604 habitus
1808 555 1872 602 et
1910 538 2259 604 destitutus
2289 562 2326 603 a
2362 540 2493 603 suis

372 641 496 704 fuit
512 689 529 722 ,
556 655 633 705 ut
655 663 858 728 quum
888 641 1096 704 victus
1123 639 1206 704 ad
1226 641 1559 728 Thapsum
1584 664 1621 704 a
1642 643 1888 704 Caesare
1910 655 2075 704 esset
2096 687 2114 722 ,
2137 655 2201 703 et
2222 639 2493 704 salutem

372 761 554 805 suam
572 741 786 830 aliqua
808 741 972 806 urbe
993 743 1176 830 regni
1201 743 1302 806 sui
1325 743 1492 806 tueri
1526 729 1748 824 vellet,
1767 741 1848 806 ad
1876 743 2091 830 plures
2114 742 2497 832 confugiens

372 863 694 930 nusquam
739 843 1162 930 reciperetur„
1205 841 1416 907 donec
1454 841 1806 931 desperatis
1846 842 2041 907 rebus
2086 842 2390 907 omnibus
2427 844 2495 906 in

371 941 516 1004 villa
537 943 747 1030 aliqua
778 943 973 1006 vitam
1000 944 1360 1008 voluntaria
1385 959 1595 1007 morte
1618 943 1801 1008 finire
1826 960 2084 1009 coaetus
2107 960 2222 1008 est.
2249 945 2497 1009 Hirtius

372 1040 454 1106 de
484 1043 636 1109 Bell.
676 1043 813 1108 Afr.
853 1067 912 1108 c.
954 1065 1032 1130 91
1078 1058 1143 1108 et
1179 1049 1300 1131 943
1347 1046 1506 1128 Dio,
1542 1046 1652 1110 lib.
1686 1047 1917 1110 XLIII.
1961 1046 2191 1133 Neque
2227 1046 2495 1110 Cellario

371 1144 439 1206 in
481 1159 616 1208 not.
661 1142 743 1208 ad
775 1143 1023 1208 Minue.
1069 1146 1110 1209 l.
1150 1168 1205 1211 c.
1249 1145 1553 1210 credibile
1602 1163 1730 1228 est,
1774 1147 2007 1211 Iubam
2052 1146 2495 1235 desperatione

370 1244 596 1309 ultima
628 1244 750 1310 sibi
789 1267 1018 1310 manus
1055 1247 1437 1312 inferentem
1479 1248 1662 1312 facile
1697 1271 1730 1311 a
1768 1247 2011 1311 Mauris
2048 1263 2492 1312 consecratum

372 1347 586 1411 fuisse.
623 1346 750 1412 Sed
781 1348 1019 1411 rectius
1053 1348 1393 1413 observare
1423 1347 1506 1412 ad
1547 1347 1847 1412 eumdem
1883 1349 2101 1411 locum
2133 1346 2495 1410 Lindnerus

370 1446 661 1530 videtur,
698 1449 1076 1513 Maurorum
1125 1449 1305 1514 hunc
1344 1449 1637 1512 animum
1677 1449 1914 1528 fuisse,
1960 1463 2037 1512 ut
2074 1469 2301 1512 omnes
2342 1470 2494 1511 suos

371 1547 510 1611 sine
541 1547 912 1612 discrimine
938 1571 1118 1638 reges
1146 1572 1267 1638 pro
1299 1551 1432 1614 Diis
1461 1550 1796 1632 haberent,
1820 1572 2237 1638 quocumque
2270 1549 2495 1612 mortis

371 1671 606 1736 genere
625 1651 983 1738 periissent.
1007 1651 1214 1740 quue
1232 1650 1622 1716 confirmant
1644 1652 1747 1715 alii
1764 1653 2107 1740 scriptores
2130 1650 2495 1716 Christiani.

372 1749 639 1813 Tertull.
692 1751 879 1839 Apol.
919 1773 1056 1840 cap.
1110 1756 1188 1830 24
1233 1775 1249 1816 :
1295 1783 1319 1807 κ
1351 1754 1410 1816 U
1417 1753 1749 1842 nicuique‘
1764 1751 2107 1841 provinciae
2150 1769 2216 1816 et
2256 1751 2496 1815 civitati

371 1871 528 1912 suus
565 1851 742 1914 Deus
777 1867 962 1916 est....
1013 1868 1086 1916 ut
1121 1854 1352 1917 Africae
1392 1854 1709 1934 Caelestis,
1746 1869 1820 1916 ut
1860 1852 2259 1916 Mauritaniae
2294 1851 2497 1940 reguli

372 1952 474 2013 sui
497 1981 540 2013 ιι.
571 1952 931 2040 Cyprianus
951 2000 968 2033 ,
1001 1952 1082 2015 de
1115 1953 1265 2018 idol.
1297 1977 1440 2018 van.
1476 1977 1531 2017 c.
1570 1976 1645 2017 2:
1683 1985 1707 2009 n
1728 1954 1939 2018 Mauri
1974 1975 2128 2017 vero
2160 1951 2498 2016 manifeste

371 2073 554 2139 reges
573 2075 726 2116 suos
744 2054 998 2136 colunt,
1023 2077 1140 2117 nec
1163 2055 1296 2118 ullo
1317 2055 1681 2119 velamento
1702 2055 1831 2119 hoc
1850 2077 2088 2118 nomen
2112 2054 2435 2118 obtexunt
2452 2085 2499 2115 υ.

370 2153 514 2239 Ipse
552 2154 922 2218 Lactantius
953 2155 1170 2243 paullo
1201 2172 1350 2218 ante
1400 2155 1523 2218 loc.
1567 2156 1673 2218 cit.
1726 2186 1751 2210 «ι
1775 2157 1909 2218 Hac
1941 2155 2189 2218 ratione
2224 2153 2501 2216 Romani

369 2255 642 2316 Caesares
675 2277 828 2318 suos
861 2273 1434 2338 consecraverunt,
1471 2273 1537 2320 et
1572 2257 1785 2320 Mauri
1825 2277 2005 2345 reges
2042 2277 2194 2318 suos
2214 2281 2263 2317 ι.
2305 2254 2501 2317 Hunc

367 2376 616 2419 morem
647 2378 832 2446 reges
860 2357 1282 2421 consecrandi
1307 2359 1392 2421 ita
1417 2374 1749 2447 receptum
1780 2357 1955 2445 apud
1978 2356 2240 2422 Mauros
2264 2357 2498 2439 fuisse,

365 2472 444 2519 nt
465 2478 549 2519 ne
575 2455 838 2543 quidem
866 2458 1244 2523 crudelitate
1270 2482 1498 2523 eorum
1519 2459 2030 2539 offenderentur,
2059 2459 2288 2524 doceat
2310 2459 2500 2547 Spar·

367 2553 524 2620 tiani
544 2557 725 2621 locus
743 2607 760 2639 ,
785 2558 896 2621 ubi
917 2558 1356 2624 crudelitatem
1382 2562 1799 2649 Imperatoris
1823 2562 2039 2625 Severi
2064 2576 2277 2641 notat,
2299 2583 2354 2623 c.
2384 2558 2497 2624 13:

369 2686 396 2711 οι
417 2658 672 2720 Horum
711 2658 907 2746 igitur
943 2674 1274 2723 tantorum
1306 2683 1381 2724 ac
1429 2679 1558 2725 tam
1592 2662 1939 2725 illustrium
1973 2662 2267 2725 virorum
2300 2662 2501 2724 inter·

371 2758 577 2821 sector
613 2757 694 2821 ab
736 2756 908 2821 Afris
945 2774 1023 2821 ut
1056 2760 1232 2824 Deus
1268 2760 1545 2824 habetur
1576 2793 1619 2823 ι».
1660 2762 1813 2825 Erat
1848 2759 2022 2825 enim
2060 2782 2294 2849 genere
2330 2761 2500 2825 Afer.

370 2859 594 2946 Ipsum
637 2882 878 2923 nomen
915 2860 1097 2945 Jubae
1129 2877 1258 2924 tam
1300 2862 1664 2925 venerabile
1696 2859 1871 2950 apud
1916 2861 2181 2925 Mauros
2216 2860 2377 2942 fuit,
2425 2877 2501 2925 ut

371 2960 486 3048 qui
510 2961 757 3051 regium
782 2962 950 3025 inter
978 2985 1090 3027 eos
1117 2963 1462 3051 imperium
1487 2963 1917 3044 adfectarent,
1937 2984 2071 3050 quo
2104 2962 2305 3052 magis
2336 2984 2509 3026 com-

369 3063 652 3128 mendati
675 3064 1014 3152 et⁴gratiosi
1033 3080 1265 3146 essent,
1286 3064 1467 3129 Jubae
1494 3088 1734 3129 nomen
1754 3064 2188 3129 adsumerent.
2210 3064 2501 3145 Tacitus,

369 3164 534 3227 Hist.
559 3165 626 3227 11
644 3211 662 3243 ,
708 3188 762 3229 c.
792 3163 874 3229 58
893 3214 910 3241 ,
953 3182 1168 3230 narrat
1190 3214 1207 3247 ,
1234 3166 1406 3230 bello
1429 3167 1600 3231 civili
1628 3166 1973 3230 Vitelliano
2005 3168 2241 3230 famam
2268 3164 2500 3243 fuisse,

369 3264 668 3328 Luceium
700 3266 1032 3347 Albinum,
1070 3267 1468 3331 Mauritaniae
1496 3266 1869 3357 praefectum
1884 3316 1902 3349 ,
1946 3280 2145 3355 spreto
2178 3266 2497 3329 Procura-

369 3367 520 3431 tor-is
557 3365 874 3429 vocabulo
889 3415 906 3447 ,
948 3368 1185 3454 insigne
1219 3372 1382 3455 regis
1413 3382 1470 3433 et
1506 3370 1694 3434 Juboe
1725 3390 1949 3432 nomen
1987 3388 2332 3455 usurpasse.
2372 3364 2498 3429 Sed

369 3468 920 3531 consecrationem
947 3468 1127 3532 Jubae
1153 3470 1422 3533 senioris
1439 3520 1457 3551 ,
1483 3468 1563 3535 de
1587 3492 1719 3557 quo
1741 3470 1886 3557 plus
1909 3465 2331 3533 dubitationis
2361 3488 2499 3529 esse

366 3584 614 3659 potest,
648 3569 990 3633 certiorem
1025 3571 1233 3635 facere
1267 3571 1571 3636 videntur
1606 3573 1860 3636 nummi
1892 3586 2175 3652 veteres,
2212 3592 2494 3658 quorum

367 3692 574 3753 unus,
625 3672 810 3759 isque
852 3670 1445 3759 frequentissimuS,
1481 3696 1516 3737 a
1549 3675 1739 3738 Laur.
1770 3676 2049 3763 Beger0,
2084 3674 2211 3736 Jac.
2248 3672 2495 3760 Sponio

369 3772 637 3861 aliisque
664 3774 1032 3863 propositus
1053 3823 1070 3849 ‚
1103 3775 1170 3837 in
1193 3796 1412 3838 aversa
1433 3791 1615 3864 parte
1636 3776 1954 3865 templum
1984 3790 2135 3837 octo
2157 3772 2495 3837 columna·

369 3895 517 3937 rum
553 3875 844 3951 exhibet,
877 3874 1057 3939 haud
1087 3873 1264 3939 aliud
1292 3898 1486 3963 quam
1515 3874 1865 3941 divinitatis
1892 3874 2174 3964 signum.
2209 3874 2311 3937 De
2334 3872 2497 3935 Juba

369 3976 637 4041 Juniore
675 3975 992 4055 ejusmodi
1023 3977 1527 4041 consecrationis
1559 3993 2059 4043 monumentum
2096 3996 2229 4037 non
2268 3972 2504 4061 reperi-

370 4094 498 4142 tur.
541 4078 708 4143 Nam
745 4100 891 4165 quae
926 4078 993 4141 in
1041 4101 1315 4142 nummo
1355 4078 1490 4159 ejus
1533 4076 1711 4168 apud
1746 4078 2061 4167 Sponium
2102 4073 2500 4162 conspicitur

371 4201 512 4257 ara,
559 4179 623 4243 in
671 4202 800 4268 qua
839 4200 1117 4269 cycnus,
1150 4180 1282 4244 avis
1330 4179 1559 4245 Africae
1596 4178 1954 4260 familiaris,
1993 4199 2144 4242 cum
2190 4170 2496 4261 adpositis
