2996 4685
433 338 568 435 176

1191 339 1274 407 R.
1329 332 1408 407 F.
1453 338 1801 409 AVIENI

527 464 756 533 Divite
798 488 1110 533 saxorum
1155 462 1647 531 circumvestita
1684 462 1981 547 metallo,

525 577 716 643 Auro
755 572 919 643 fulta
962 572 1191 667 gravi,
1233 572 1427 640 niveo
1471 571 1797 643 radiantia
1830 574 2049 644 dente.

519 684 663 753 Nec
703 685 924 751 minus
967 682 1076 751 hic
1116 680 1402 776 speculae
1439 696 1667 751 vertex
1704 682 2127 770 subducitur,
2164 709 2246 755 ex
2286 712 2421 781 quo

425 873 494 923 vis
519 873 740 921 adstant.
769 866 870 922 Sed
900 886 998 920 cur
1027 885 1134 920 non
1171 866 1349 939 potius
1377 870 1452 917 Si·

426 952 607 1018 tropei?
632 948 893 1000 Onnum.
913 946 1044 998 Obs-
1075 945 1224 999 Misc.
1253 945 1362 999 vol.
1384 946 1454 1011 V,

429 1040 469 1083 t.
494 1029 538 1089 1,
553 1047 605 1098 p.
627 1042 714 1097 79.
739 1024 1010 1079 Heinsium
1031 1023 1154 1077 vide
1167 1025 1219 1077 iu
1234 1024 1451 1079 Advers.

427 1127 481 1181 p.
530 1115 628 1172 41;
673 1104 738 1159 ad
785 1103 974 1158 Claud.
1021 1102 1104 1156 Id.
1153 1104 1203 1164 1,
1245 1121 1347 1173 903
1385 1104 1452 1157 ad

427 1186 586 1241 ovid.
624 1187 762 1241 Fast.
803 1186 904 1251 III,
933 1186 1068 1254 529:
1113 1184 1203 1237 uhi
1237 1189 1453 1251 {retectis

431 1268 668 1319 columnis
684 1265 819 1317 vult.
850 1264 1153 1335 A'mplector
1178 1264 1454 1318 lectionem

433 1347 612 1398 Ambr.
637 1349 835 1413 Templa
856 1345 1071 1413 Sinopes-1⁹
1099 1348 1230 1395 Iovis
1254 1348 1462 1395 adstant

432 1429 560 1477 nixa
587 1426 855 1484 columnis,
898 1423 1022 1495 quia
1050 1442 1076 1474 a
1119 1426 1314 1482 Σινώπη
1345 1423 1454 1475 for·

433 1506 571 1557 mari
599 1502 758 1556 debet
789 1506 1088 1566 Σινωπαῖος,
1117 1514 1176 1554 ut
1201 1504 1268 1555 ab
1294 1504 1453 1568 Acte,

431 1588 662 1643 Actaeus,
685 1602 714 1635 a
742 1583 897 1636 Crete
912 1582 1165 1648 Cretaeus,
1182 1602 1211 1635 a
1232 1581 1457 1637 Dodone

435 1662 768 1725 Dodonaeas,
814 1672 915 1713 etc.
969 1659 1260 1714 Columnas
1303 1666 1456 1727 Syno-

429 1763 600 1813 poeas‚
633 1753 796 1813 atque
829 1738 962 1792 adeo
995 1745 1228 1804 Syenoeas
1264 1742 1460 1794 refutat

431 1820 752 1895 Dionysius,
795 1839 844 1872 v.
876 1820 1010 1873 255:
1042 1824 1319 1877 Σινωπὶτοιο
1353 1826 1457 1884 Διὸς

434 1905 667 1975 μεγάλοιο
701 1904 932 1973 μέλαθρον
951 1940 968 1965 ,
997 1918 1155 1971 quem
1184 1899 1249 1953 N.
1290 1900 1456 1953 Hein-

431 1983 542 2035 sius
580 1980 900 2034 medicinam
940 1980 1173 2031 facturus
1202 1980 1460 2051 inspicere

433 2062 682 2135 neglexit.
721 2058 880 2112 Scan.
917 2060 1164 2130 Inspecto
1194 2060 1462 2130 Stephano

434 2154 486 2195 et
513 2141 706 2194 collato
737 2139 994 2211 Dionysio
1023 2139 1198 2191 forsan
1225 2140 1354 2204 erit,
1377 2140 1462 2193 cui

433 2221 746 2293 proeplaceat
783 2216 1028 2269 Hudsoni
1067 2216 1366 2271 emendatio
1393 2220 1464 2269 Si-

438 2302 635 2368 nopitae.
655 2298 1121 2363 wasa—Templa
1142 2298 1357 2364 Sinopoei
1380 2304 1464 2348 Ιο-

439 2383 507 2431 vis
543 2381 762 2428 adstant.
802 2375 1099 2446 Sinopaeum
1142 2375 1325 2428 Jovem
1378 2377 1463 2429 hic

438 2458 544 2512 dici
557 2455 864 2529 Serapidem
883 2495 897 2520 ,
920 2454 1013 2526 qni
1031 2455 1294 2527 praecipue
1311 2456 1468 2510 Alex·

439 2537 637 2592 andriae
661 2535 956 2598 colebatur,
983 2553 1091 2587 non
1125 2534 1346 2590 dubium
1373 2550 1464 2592 est.

437 2619 502 2672 In
526 2617 807 2688 magnifico
831 2619 942 2689 ejus
979 2617 1160 2687 templi
1190 2616 1466 2688 splendore

439 2695 744 2751 extollendo
792 2697 1034 2769 apprime
1089 2717 1211 2750 cum
1265 2699 1466 2751 Avieno

439 2775 690 2832 convenit
714 2779 885 2828 Amm.
912 2776 1149 2830 Marcell.
1174 2777 1264 2831 lib.
1297 2778 1467 2842 xxn,

440 2875 556 2926 cap.
586 2859 646 2907 ιδ
667 2895 682 2920 ,
703 2874 758 2927 p.
779 2856 881 2926 373
902 2875 914 2908 :
948 2882 969 2903 ι
995 2857 1091 2910 His
1113 2856 1375 2910 accedunt
1398 2857 1469 2909 al-

438 2935 504 2988 tis
545 2933 754 2988 sublata
801 2935 1014 3007 fastigiis
1048 2936 1280 3008 templa;
1329 2937 1469 2989 inter

439 3033 560 3085 quae
597 3013 796 3066 eminet
822 3015 1107 3086 Serapeum
1126 3053 1142 3078 ,
1163 3015 1310 3087 quod
1346 3016 1469 3070 licet

443 3095 714 3147 minuatur
737 3093 966 3146 exilitate
994 3095 1299 3160 verborum,
1323 3098 1470 3149 atriis

441 3187 618 3228 tamen
658 3172 1005 3227 columnariis
1047 3175 1382 3249 amplissimis
1420 3188 1470 3230 et

440 3253 760 3328 spirantibus
793 3253 1063 3326 signorum
1101 3255 1393 3326 figmentis,
1421 3268 1473 3310 et

443 3335 644 3404 reliqua
675 3352 897 3406 operum
927 3333 1267 3388 multitudine
1297 3336 1366 3387 ita
1395 3349 1474 3389 est

447 3424 786 3479 exornatum,
844 3423 900 3464 ut
947 3426 1065 3484 post
1119 3414 1440 3485 Capitolium
1457 3455 1472 3480 ,

445 3511 553 3564 quo
593 3511 648 3545 se
675 3493 995 3545 venerabilis
1035 3495 1200 3544 Roma
1235 3493 1293 3545 in
1321 3506 1471 3547 teter-

442 3590 574 3624 num
609 3570 844 3636 adtollit,
877 3571 1010 3623 nihil
1034 3572 1178 3625 orbis
1213 3585 1472 3628 terrarum

447 3649 775 3702 ambitiosius
801 3663 980 3704 cernat
1004 3677 1049 3704 n.
1078 3651 1187 3704 Cur
1223 3652 1472 3724 Sinopitae

448 3730 534 3782 vel
558 3728 778 3799 Sinopoei
801 3731 946 3782 Jovis
971 3748 1166 3784 nomen
1194 3733 1372 3786 tulerit
1388 3734 1476 3787 Se-

446 3807 590 3879 rapis
606 3847 621 3872 ,
642 3825 823 3861 caussa
852 3820 928 3862 est
953 3811 1064 3882 ejus
1087 3811 1320 3866 nunninis
1339 3832 1368 3866 e
1391 3813 1474 3865 Si·

447 3905 586 3957 nope
605 3929 621 3952 ,
647 3887 798 3940 Ponti
828 3889 989 3956 urbe,
1016 3889 1073 3941 in
1098 3890 1472 3946 Alexandriam

447 3985 630 4019 recens
671 3967 940 4022 conditam
975 3971 1276 4035 translatio,
1317 3991 1476 4044 quam

447 4046 756 4100 Ptolemaeus
780 4049 936 4121 Lagi,
963 4050 1182 4102 oraculo
1207 4069 1302 4121 per
1329 4051 1474 4122 qnie-

444 4136 553 4178 tem
581 4127 842 4194 monitus,
868 4127 986 4182 fieri
1005 4128 1176 4202 jussit.
1209 4127 1472 4183 Memorat

1542 859 1850 914 Eustathius
1876 861 1945 915 ad
1982 862 2127 917 hunc
2160 864 2335 918 locum
2362 864 2567 937 Diony-

1545 938 1639 1005 sii,
1655 939 1865 1011 plenius
1885 942 2102 996 Tacitus
2116 983 2131 1008 ,
2156 942 2291 997 Hist.
2310 945 2409 1009 IV,
2422 945 2488 997 83
2516 956 2569 997 et

1548 1020 1631 1080 84.
1651 1019 1787 1073 Wd.
1808 1050 1877 1059 --
1897 1025 2097 1089 Templa
2123 1025 2299 1090 Se'nope
2320 1026 2453 1075 Iovis
2478 1029 2572 1075 ad·

1544 1100 1761 1150 stabant.
1798 1098 1881 1152 Sic
1906 1100 2075 1171 Cusp.
2105 1100 2241 1152 Pith.
2274 1100 2446 1154 Huds.
2468 1102 2570 1155 Ca·

1546 1193 1687 1229 mers
1714 1176 1781 1229 ad
1804 1178 1962 1233 Prisc.
1994 1181 2096 1234 238
2124 1182 2351 1233 correxit
2375 1186 2570 1249 Templa

1545 1258 1762 1325 St'nopoet'
1778 1264 1909 1311 Jove's
1930 1265 2141 1312 adstant
2157 1264 2283 1312 nixa
2306 1266 2541 1313 columnis
2554 1301 2571 1323 ,

1547 1337 1640 1406 qui
1681 1337 1837 1390 simul
1871 1349 2037 1393 tentat
2086 1345 2285 1409 Templa
2329 1344 2573 1392 Sinadaeis

1547 1420 1681 1467 Iovis
1707 1421 1913 1470 adstant
1934 1423 2063 1471 nixa
2092 1424 2354 1481 columnis,
2376 1440 2534 1493 quam
2556 1462 2573 1485 ,

1546 1494 1673 1548 licet
1698 1496 2037 1561 deteriorem,
2072 1498 2352 1554 lectionem
2389 1518 2578 1571 sequu-

1549 1585 1634 1628 tus
1673 1588 1750 1628 est
1768 1576 1911 1630 vad.
1944 1584 2143 1647 Templa
2163 1581 2445 1643 Synadoeis,
2471 1592 2573 1632 etc.

1550 1654 1864 1727 Synadoeum
1876 1695 1891 1720 ,
1916 1659 2001 1710 vel
2022 1659 2194 1729 potius
2210 1655 2577 1730 Synnadicum

1550 1752 1785 1789 marmor
1832 1748 2019 1789 notum
2036 1778 2052 1801 ,
2098 1736 2190 1790 sed
2230 1735 2391 1810 hujus
2434 1738 2579 1791 vocis

1551 1814 1721 1886 prima
1750 1834 1956 1888 semper
1976 1816 2306 1888 producitur.
2330 1816 2577 1870 Heinsius

1552 1906 1731 1949 tamen
1768 1896 1868 1967 legi
1894 1898 2009 1949 vult
2045 1899 2278 1965 Sinopoet's
2324 1900 2579 1949 columnis.

1553 1973 1873 2028 Hudsonus:
1913 1976 2141 2044 Sinopitoe
2180 1977 2311 2027 Iovis
2346 1979 2577 2036 adstant,

1554 2055 1720 2125 magis
1756 2054 2137 2108 convenienter
2163 2054 2419 2128 Dionysio
2442 2096 2457 2121 ,
2484 2056 2579 2127 qui

1555 2145 1607 2185 et
1625 2136 1837 2200 Sinopen-i
1853 2139 1986 2186 Iovis
2004 2134 2176 2187 adfert
2189 2173 2204 2199 ,
2228 2134 2373 2207 quod
2392 2134 2582 2207 proba-

1556 2226 1644 2266 tur
1660 2212 1973 2267 Schradero.
1996 2218 2170 2286 Atque
2190 2214 2304 2268 lunc
2329 2214 2580 2267 emenda-

1556 2294 1629 2346 tio
1646 2334 1660 2359 ,
1680 2292 1865 2364 primo
1884 2294 2156 2367 scripturae
2174 2294 2373 2367 optime
2394 2312 2581 2348 conve-

1556 2372 1733 2437 niens,
1752 2372 1922 2442 primo
1942 2373 2172 2427 Camerti
2197 2373 2435 2428 debetur.

1632 2455 1753 2524 377.
1780 2456 1935 2506 Diei‘te
1960 2475 2197 2506 saxorum
2228 2457 2581 2507 circumvestita

1557 2537 1775 2587 metallo.
1795 2535 1882 2588 sic
1896 2535 1994 2588 Or.
2014 2554 2148 2588 mar.
2170 2555 2220 2587 v.
2240 2539 2341 2609 296
2366 2554 2378 2588 :
2404 2546 2582 2588 «stan-

1558 2616 1613 2668 ni
1644 2617 1820 2687 gravis
1851 2619 2107 2669 Ramenta
2134 2615 2324 2683 volvit,
2352 2615 2578 2669 invehit-

1558 2714 1663 2767 que
1713 2696 1969 2749 menibus
2024 2696 2183 2748 Dives
2236 2695 2505 2749 metallum
2527 2718 2547 2739 ι
2566 2733 2580 2746 .

1557 2775 1719 2830 Sena.
1747 2779 1902 2828 Divite
1929 2795 2163 2826 saxorum
2194 2779 2391 2828 metallo
2417 2773 2581 2826 inter·

1560 2869 1737 2928 pretor
1768 2855 2016 2909 divitibus
2046 2855 2206 2922 saxis,
2232 2855 2285 2907 h.
2320 2873 2369 2907 e.
2402 2853 2587 2926 pretio-

1562 2936 1659 3001 sis,
1696 2954 1855 3008 opere
1892 2934 2156 2988 metallico
2190 2933 2404 3001 excisis,
2444 2951 2587 2999 mar,-

1564 3015 1801 3068 moribus
1838 3015 2118 3068 fossilibus.
2162 3015 2251 3068 Sic
2286 3017 2443 3086 plane
2478 3015 2589 3066 Sta·

1564 3099 1698 3161 tius,
1722 3095 1848 3149 silv.
1882 3095 1991 3162 111,
2028 3115 2073 3162 ι,
2110 3093 2172 3147 5:
2208 3093 2355 3148 «sed
2390 3091 2589 3145 nitidos

1560 3189 1767 3247 postes,
1808 3174 2089 3247 Graiisque
2129 3173 2313 3227 effulta
2359 3171 2589 3225 metallis

1561 3255 1805 3308 eulmina
1826 3280 1870 3306 n.
1900 3255 2035 3307 Nam
2065 3253 2276 3306 metalla
2314 3251 2470 3305 etiam
2508 3250 2587 3302 la-

1562 3331 1807 3407 picidiuae
1844 3347 1999 3398 sunt,
2036 3346 2090 3386 et
2128 3331 2368 3386 similiter
2402 3333 2589 3383 silicum

1561 3419 1762 3467 metalla
1786 3413 1914 3467 dicit
1950 3417 2152 3467 Lucan.
2184 3411 2285 3474 IV,
2317 3413 2445 3475 304:
2474 3412 2591 3462 divi-

1564 3513 1657 3548 tem
1674 3483 1921 3562 §emmam
1938 3493 2178 3566 Propert.
2202 3492 2307 3556 III,
2326 3491 2375 3556 3,
2400 3489 2588 3544 26.W-

1635 3574 1763 3646 378.
1790 3574 2113 3628 Schraderus
2150 3571 2431 3644 legendum
2461 3587 2587 3622 cen·

1566 3669 1641 3711 set
1670 3661 1805 3707 Auro
1832 3660 1963 3707 culta
1988 3655 2151 3722 gravi.
2188 3650 2292 3706 Sed
2308 3651 2453 3718 ,βάτα
2479 3667 2591 3701 om·

1561 3755 1657 3790 nes
1680 3732 1805 3787 edd.
1844 3745 2083 3794 servant.
2112 3743 2163 3784 et
2194 3749 2313 3802 quae
2340 3749 2371 3782 a
2403 3727 2595 3783 Schra-

1565 3816 1695 3870 dero
1727 3815 1843 3868 loca
1869 3825 2175 3887 poetarum,
2202 3811 2253 3862 in
2283 3807 2595 3882 quibussul·

1565 3911 1643 3966 ter³
1679 3893 2040 3955 adducuntur,
2077 3893 2191 3963 ipsa
2224 3910 2325 3964 pro
2366 3887 2593 3942 lectione

1564 3963 1777 4047 vulgata
1792 3969 2247 4026 militana—Vici.
2264 3971 2480 4023 Excurs.
2498 3967 2595 4032 lv,

1565 4053 1633 4107 ad
1652 4053 1781 4106 calc.
1804 4051 1919 4125 huj.
1940 4049 2120 4110 Carm.
2146 4051 2249 4103 En.

1634 4131 1753 4201 379.
1772 4136 1878 4184 Nec
1896 4133 2052 4182 asinus
2080 4132 2159 4180 hic
2178 4131 2390 4196 speculae
2414 4140 2595 4179 vortex
