2996 4685
591 339 732 424 504
957 341 1163 410 Exn.
1202 343 1234 408 1
1285 344 1413 411 AD
1461 341 1731 410 ORAM
1779 339 2342 408 MARITIMAM.

589 477 878 550 sequutae
909 477 1101 542 sunt,
1140 483 1284 548 quae
1321 462 1670 526 maritimas
1708 461 2031 548 Hispaniae
2066 459 2260 524 urbes
2294 457 2711 538 insederunt,

588 564 858 627 fortasse
885 563 1075 626 etiam
1105 583 1141 624 a
1172 562 1419 626 colonis
1453 585 1534 626 ex
1564 563 1777 627 Africa
1811 560 2048 642 missis,
2081 575 2146 624 et
2170 559 2307 648 pari
2342 557 2715 622 conditione

590 663 788 744 natis,
821 659 1100 726 subinde
1129 677 1332 726 auctae
1361 667 1548 728 sunt.
1574 661 1915 728 Libertinos
1943 661 2280 748 Manio-ipa·
2304 657 2634 724 Suelitam‘
2656 660 2715 721 in

588 765 898 853 Hispania
929 764 1160 829 Baetica
1191 766 1487 830 nominat
1517 765 1853 853 inscriptio
1882 762 2059 852 apud
2092 762 2355 826 Reines.
2394 782 2549 849 pag.
2590 759 2713 840 131,

591 880 657 929 et
681 865 881 953 Spon.
907 865 1075 932 Sect.
1105 864 1186 948 V,
1213 889 1279 954 p.
1319 863 1440 953 189
1457 917 1474 944 ‚
1508 883 1575 930 et
1598 866 1935 930 Reinesius
1959 864 2028 928 in
2052 877 2419 928 comment.
2464 861 2716 962 affine

589 967 876 1055 inscript.
906 990 971 1055 p.
1014 966 1172 1048 136,
1205 959 1360 1032 i‘tem
1391 969 1461 1031 in
1493 968 1699 1055 Epist.
1738 965 1963 1031 XXXI
1994 964 2078 1029 ad
2107 965 2333 1030 Hosm.
2372 977 2637 1043 monet,
2656 962 2711 1025 in

589 1067 710 1132 alia
757 1068 1177 1156 inscriptione
1229 1069 1625 1157 Antiquariae
1676 1070 1857 1158 Hisp.
1908 1083 2161 1157 reperta
2179 1115 2197 1150 ,
2246 1091 2312 1156 p.
2371 1065 2717 1142 CCCXCV,

591 1191 658 1232 n.
721 1190 783 1254 7,
839 1184 901 1232 et
954 1169 1416 1253 CCCCXXVI,
1472 1193 1535 1234 n.
1595 1172 1658 1237 8.
1714 1171 1901 1236 Grut.
1968 1172 2123 1234 item
2174 1170 2241 1233 in
2290 1168 2714 1247 Salernitana,

592 1294 659 1357 p.
707 1269 1233 1354 CCCCLXXIII,
1275 1294 1342 1335 n.
1391 1272 1430 1337 8
1450 1320 1468 1354 ,
1513 1273 1754 1359 pariter
1793 1271 2277 1337 Libertinorum
2318 1269 2719 1332 mentionem

596 1367 754 1433 fieri.
800 1371 1096 1435 Fortasse
1147 1370 1459 1436 Gaditana
1511 1373 1765 1437 colonia
1814 1395 1997 1460 aeque
2055 1393 2128 1436 ac
2179 1369 2714 1460 Carthaginiensis

595 1471 839 1536 multos
897 1470 1216 1553 ejusmodi
1267 1472 1607 1537 libertinos
1651 1473 1883 1538 habuit
1900 1520 1919 1553 ,
1968 1493 2211 1559 eosque
2255 1493 2293 1534 e
2342 1468 2717 1536 Mauritania

594 1572 1038 1660 Numidiaque
1079 1573 1441 1657 traductos,
1483 1573 1662 1638 unde
1704 1574 1865 1637 ratio
1901 1573 2113 1660 aliqua
2150 1571 2374 1660 potuit
2414 1591 2589 1650 esse,
2622 1590 2716 1632 cur

592 1674 826 1738 Iubam
859 1696 1078 1764 regem
1113 1675 1235 1738 sibi
1268 1675 1705 1739 Duumvirutn
1739 1691 1807 1739 et
1843 1676 2200 1739 Patronum
2234 1686 2571 1761 optarent.
2608 1668 2717 1734 Gn-

600 1775 824 1840 ditano
865 1776 1048 1840 Jubae
1094 1777 1333 1841 honori
1377 1775 1613 1841 addere
1648 1798 1997 1864 possumus
2038 1775 2269 1855 alium,
2312 1795 2353 1837 a
2402 1770 2717 1861 peregrim

601 1893 795 1965 gente
829 1878 888 1941 ei
921 1877 1302 1944 exhibitum.
1349 1875 1612 1966 Quippe
1650 1877 1993 1941 Pausanias
2027 1876 2097 1941 in
2132 1875 2322 1941 Attio.
2362 1897 2429 1939 c.
2478 1896 2578 1960 17,
2608 1892 2719 1933 me-

604 1992 816 2040 morat
834 2026 853 2059 ,
904 1978 1173 2043 Athenis
1218 1979 1287 2042 in
1335 1979 1703 2068 gymnasio,
1750 1977 1928 2066 quod
1968 1977 2395 2042 Ptolemaeum
2442 1987 2715 2050 vocatur,

601 2075 788 2142 Juboe
812 2079 1043 2164 Libyco
1069 2095 1344 2144 statuam
1374 2080 1572 2144 fuisse
1603 2080 1900 2168 positam.
