2996 4685
532 365 616 436 18
751 347 756 350 ’
1034 367 1166 434 DE
1219 367 1300 436 R.
1350 367 1671 436 FESTo
1732 365 2137 436 AVIENO.

521 509 988 585 pertractamus
1005 542 1022 576 ,
1051 494 1302 560 Avieno
1337 511 1545 583 poetae
1577 519 1609 559 a
1642 493 1777 560 filio
1810 495 2127 583 positum,
2158 517 2195 559 e
2224 516 2359 583 quo
2386 494 2660 560 certiora

525 623 630 667 om
641 601 746 668 nia
777 599 998 667 doceri
1028 617 1324 689 possunt.

613 708 1200 774 Proconsulatuum
1231 723 1565 798 gestorum
1599 707 1896 772 meminit
1920 730 2114 772 versu
2148 723 2460 797 sequente
2486 733 2503 772 :

810 888 1026 938 Romam
1047 885 1291 940 habitans
1307 927 1322 954 ,
1351 886 1569 960 gemino
1590 886 1931 940 proconsulis
1958 899 2143 940 auctus
2170 885 2389 939 honore.

529 1065 826 1144 Quarum
855 1077 1068 1126 autem
1097 1061 1579 1151 provinciarum
1610 1061 1971 1126 Proconsul
1998 1059 2194 1124 fuerit
2220 1060 2449 1124 Festus
2469 1058 2667 1122 Avie-

528 1191 688 1250 nus,
721 1191 856 1232 non
911 1167 1033 1232 nisi
1074 1169 1314 1232 incerta
1364 1168 1735 1248 conjectura
1784 1184 1999 1256 potest
2042 1167 2203 1232 erui.
2253 1166 2444 1230 Multi
2492 1165 2665 1230 enim

527 1275 736 1354 Festi,
783 1274 972 1337 multi
1013 1273 1242 1339 Avieni
1296 1274 1468 1338 inter
1514 1275 1923 1363 magistratus
1974 1296 2202 1338 eorum
2257 1289 2625 1360 temporum
2646 1319 2665 1353 ,

527 1379 769 1469 quibus
805 1380 1035 1443 vixisse
1076 1395 1372 1443 nostrum
1410 1379 1747 1468 probabile
1780 1394 1911 1460 est,
1949 1393 2417 1457 memorantur,
2455 1400 2490 1440 e
2526 1377 2672 1464 qui-

529 1486 655 1550 bus
691 1482 952 1547 difficile
988 1499 1086 1546 est
1133 1505 1287 1546 suos
1330 1500 1559 1547 nostro
1605 1483 1891 1547 honores
1937 1499 2005 1546 et
2053 1482 2456 1572 magistratus
2497 1480 2669 1544 adsi-

526 1615 745 1682 gnare.
777 1593 1046 1658 Festum
1075 1590 1423 1679 quemdam
1459 1590 1582 1655 sub
1604 1591 1892 1654 Valentis
1922 1591 2196 1678 imperio
2226 1591 2394 1654 circa
2420 1611 2671 1653 annum

534 1697 662 1788 370
695 1722 730 1762 e
765 1697 1104 1763 Consulari
1137 1697 1332 1786 Syriae
1367 1697 1833 1761 Proconsulem
1873 1697 2036 1761 Asiae
2072 1695 2350 1777 factum,
2383 1695 2673 1759 Ammia-

530 1826 656 1867 nus
686 1803 967 1869 Marcell.
987 1851 1006 1885 ,
1033 1803 1363 1884 Zosimus,
1399 1803 1637 1891 aliique
1667 1819 2032 1866 memorant
2055 1801 2185 1890 (1);
2226 1799 2340 1864 sed
2368 1799 2673 1864 eumdem

529 1909 879 1998 perhibent
911 1910 1130 1974 multis
1166 1909 1581 1974 immanitatis
1613 1925 1678 1974 et
1708 1909 1962 1974 saevitiae
1996 1908 2304 1995 exemplis
2341 1905 2529 1972 editis
2574 1907 2677 1970 in-

531 2017 770 2078 famem
804 2017 1036 2096 fuisse,
1078 2016 1461 2086 Ammianus
1494 2031 1801 2104 praeterea
1826 2014 2259 2080 Didentinum
2293 2013 2506 2078 ultimi
2530 2035 2678 2075 san-

528 2123 745 2207 guinis
794 2136 858 2184 et
906 2124 1106 2208 ignoti
1154 2121 1452 2208 adpellat.
1506 2119 1695 2184 Unde
1746 2143 1869 2208 pro
1913 2121 2107 2183 Festo
2152 2120 2396 2182 Avieno
2452 2134 2679 2181 nostro

535 2225 764 2290 haberi
809 2247 936 2288 non
985 2240 1230 2311 potest,
1279 2224 1394 2310 qui
1430 2238 1497 2288 et
1529 2223 1873 2313 splendido
1913 2246 2148 2314 genere
2185 2241 2377 2288 natus
2410 2223 2572 2310 fuit,
2614 2239 2679 2288 et

536 2330 794 2395 virtutis
827 2352 958 2395 suae
997 2330 1120 2394 sibi
1161 2331 1462 2395 conscius
1508 2330 1576 2393 in
1622 2347 2054 2395 monumento
2099 2329 2182 2395 de
2226 2354 2294 2396 se
2333 2329 2678 2419 praedicat:

553 2439 750 2499 vitam
777 2440 1018 2515 insons,
1055 2437 1296 2522 integer
1323 2458 1529 2499 oevum
1545 2434 1659 2523 (2).
1694 2436 1983 2501 Valesius
2015 2453 2233 2500 tamen
2264 2437 2569 2525 opinatur
2582 2436 2674 2526 (3)

540 2574 692 2615 eum
725 2574 864 2615 esse
897 2552 1142 2614 Rufum
1179 2553 1440 2615 Festum
1470 2552 1547 2614 V.
1586 2552 1681 2616 cl.
1724 2553 1839 2640 qui
1874 2552 2269 2616 Breviarium
2310 2552 2565 2640 scripsit
2598 2550 2683 2615 ad

539 2658 880 2721 Valentem
919 2660 1088 2746 Aug.
1119 2678 1316 2745 quem
1351 2658 1669 2745 respicere
1702 2658 2025 2723 existimat
2067 2658 2417 2748 clausulam
2454 2658 2684 2746 praefa·

542 2764 738 2829 tionis
768 2787 782 2828 ε
834 2762 925 2827 Ut
963 2764 1060 2827 ad
1097 2764 1266 2827 hanc
1316 2768 1630 2852 ingentem
1668 2765 1747 2828 de
1787 2764 2007 2829 Gothis
2048 2767 2238 2829 etiam
2280 2765 2687 2851 Babylonica?

539 2870 659 2933 tibi
673 2870 903 2957 palma
915 2873 1100 2959 pacis
1127 2871 1422 2951 accedat,
1458 2872 1609 2937 licet
1636 2872 1907 2961 vulgatae
1941 2871 2257 2936 editiones
2287 2871 2685 2936 Valentinia-

547 2996 706 3037 num
751 2975 1184 3063 praescribant.
1243 2978 1449 3064 Supra
1488 2979 1620 3057 jam
1674 2978 2075 3041 mentionem
2123 2977 2395 3041 fecimus
2442 3000 2685 3040 monu-

545 3080 748 3164 menti
807 3081 1010 3145 Graeci
1032 3130 1050 3158 ‚
1101 3082 1280 3169 quod
1338 3081 1531 3147 Rufio
1585 3083 1815 3161 Festo,
1870 3083 2252 3146 Proconsuli
2304 3083 2569 3149 Groeciae
2620 3098 2687 3147 et

543 3186 942 3275 Areopagitae
961 3234 978 3267 ,
1012 3188 1291 3275 populus
1321 3188 1737 3253 Atheniensis
1770 3189 1856 3252 ob
1888 3188 2405 3253 benevolentiam
2434 3212 2585 3278 erga
2616 3210 2686 3253 se

546 3310 608 3355 et
631 3294 798 3359 bene
829 3293 1052 3359 merita
1079 3295 1300 3381 posuit
1316 3342 1334 3374 ,
1359 3294 1752 3381 exhibetque
1779 3295 2097 3359 Gruterus
2112 3294 2206 3383 (4)
2222 3344 2240 3377 ,
2263 3311 2327 3359 et
2348 3296 2445 3361 Jo.
2470 3296 2690 3361 Meur-

620 3544 696 3610 (ι)
735 3544 908 3593 Amm.
939 3508 1174 3595 Marcell.
1204 3543 1296 3595 lib.
1327 3542 1540 3610 XXIX,
1577 3560 1696 3613 cap.
1724 3562 1780 3612 a,
1819 3562 1943 3615 pag.
1974 3548 2113 3610 6123
2155 3524 2423 3611 Zosimus,
2458 3543 2549 3597 lib.
2586 3542 2687 3609 IV,

551 3649 669 3702 cap.
714 3630 807 3694 153
847 3630 1124 3701 Eunapius
1165 3632 1221 3685 in
1254 3632 1362 3685 vita
1407 3630 1655 3695 Maximi3
1700 3632 1952 3686 Libanius
1992 3634 2049 3686 in
2088 3635 2193 3687 vita
2233 3652 2361 3697 sua;
2396 3634 2588 3687 Suidas
2629 3632 2683 3685 in

546 3728 756 3783 Φῆστος.
803 3721 869 3776 Et
896 3720 1037 3773 conf.
1068 3720 1317 3775 Gothosr.
1350 3722 1408 3775 in
1430 3722 1747 3795 Prosopogr.
1774 3724 1907 3779 cod.
1929 3726 2033 3779 Th.

621 3828 698 3891 (2)
735 3822 902 3893 Igitur
931 3819 1120 3873 desero
1145 3823 1450 3875 sententiam
1468 3860 1485 3886 ‚
1514 3842 1675 3895 quam
1708 3825 1901 3897 (hujus
1928 3844 2018 3897 op.
2044 3838 2083 3877 t.
2114 3826 2226 3893 111,
2254 3846 2375 3897 pag.
2409 3829 2531 3889 465.
2556 3826 2685 3893 En.)

551 3908 691 3969 dixi,
725 3910 940 3961 Festum
968 3907 1225 3960 Avienum
1252 3911 1500 3963 eumdem
1522 3910 1688 3965 videri
1718 3932 1843 3964 cum
1865 3914 2183 3965 proconsule
2205 3915 2352 3965 Asiae.

625 4012 700 4079 (3)
740 4011 804 4061 Iu
827 4020 940 4061 not.
963 4007 1030 4060 ad
1060 4010 1324 4061 Ammiani
1351 4012 1384 4064 1.
1407 4030 1455 4065 c.

618 4114 697 4183 (4)
733 4112 855 4181 Pag-
885 4110 1023 4174 464,
1051 4128 1109 4162 n.
1143 4129 1194 4181 7.
