2996 4685
496 356 639 450 494
1230 345 1806 414 excussus
1869 351 1902 416 1

494 478 607 542 lib.
648 474 894 553 XL1113
926 471 1179 550 Florus,
1214 469 1326 532 lib.
1366 468 1476 549 IV,
1518 492 1574 532 c.
1616 491 1690 549 2,
1725 469 1829 555 69.
1871 471 2038 534 Iuba
2077 469 2241 534 filius
2274 470 2678 535 admodum

497 599 660 669 puer
682 576 957 637 Romam
984 570 1297 660 perlatus,
1328 585 1392 633 et
1422 592 1463 634 a
1493 570 1740 634 Caesare
1767 570 1836 634 in
1865 571 2198 664 triumpho
2228 571 2496 636 ductus
2537 589 2676 652 est,

500 698 695 764 quam
735 674 873 754 ejus
918 669 1349 760 captivitatem
1400 669 1798 735 fortunatam
1849 673 2080 755 fuisse,
2135 673 2554 738 Plutarchus
2603 675 2674 736 in

500 783 766 860 Coesare‚
800 801 938 866 cap.
974 774 1079 858 55,
1118 776 1361 858 scribit,
1395 775 1577 863 quod
1605 799 1721 864 per
1752 801 1893 841 eam
1925 777 2156 842 studiis
2189 780 2674 843 Romanorum

498 879 816 960 erudituS,
839 899 917 943 ex
936 878 1219 943 Barbaro
1242 893 1308 941 et
1332 875 1618 942 Numida
1637 879 1916 967 scriptor
1931 881 2162 960 evasit,
2183 880 2672 945 eruditissimis

499 983 871 1046 Graecorum
904 978 1363 1044 accensendus.
1398 977 1483 1043 Et
1515 1001 1670 1042 sane
1704 979 1919 1044 omnis
1946 983 2210 1045 fortuna
2231 1029 2248 1062 ,
2281 981 2670 1068 omniaque

500 1083 769 1164 decora,
814 1081 1053 1170 quibus
1092 1095 1317 1167 postea
1361 1079 1773 1168 exsplenduit
1809 1082 1843 1145 J
1849 1081 2008 1163 uba,
2057 1083 2140 1145 ab
2179 1082 2300 1146 hac
2341 1083 2672 1146 Romana

502 1183 1011 1248 commoratione
1045 1180 1393 1245 derivanda
1426 1196 1599 1246 sunt.
1640 1181 1926 1246 Avienus
1957 1184 2282 1272 praecipua
2307 1197 2630 1246 recenset
2649 1229 2668 1262 ,

500 1309 575 1350 ac
601 1285 886 1372 primum
907 1283 1267 1373 potentiam
1289 1284 1429 1364 ejus
1452 1299 1520 1348 et
1541 1282 2056 1373 magnitudinem
2079 1284 2374 1374 imperii,
2407 1283 2668 1348 deinde

503 1386 847 1452 amicitiam
872 1385 1133 1450 Caesaris
1160 1384 1436 1473 Augusti
1454 1431 1471 1466 ‚
1505 1383 1787 1472 denique
1808 1383 2097 1449 studium
2123 1385 2471 1450 literarum
2501 1406 2664 1447 eru-

502 1489 949 1576 ditionemque
982 1487 1303 1576 insignem
1336 1485 1575 1550 laudat.
1625 1487 1830 1551 Tanta
1871 1488 2008 1567 ejus
2048 1487 2233 1578 regni
2269 1485 2664 1576 amplitudo

507 1606 571 1655 et
606 1590 901 1680 potentia
934 1588 1094 1670 fuit,
1138 1603 1214 1651 ut
1246 1587 1528 1651 Avienus
1571 1589 1806 1652 merito
1842 1585 2161 1668 adfirmet,
2191 1589 2398 1652 finisse
2433 1608 2655 1672 regem

502 1694 825 1784 superbum
848 1704 911 1754 et
924 1702 1375 1779 praepotentem
1400 1691 1676 1752 omnium
1698 1737 1717 1768 ,

782 1887 1019 1952 Quose
953 1904 1019 1957 ge
1020 1905 1083 1940 ns
1106 1885 1337 1940 habebat
1363 1885 1500 1940 forte
1519 1897 1634 1938 tum
1656 1885 1942 1940 Maurusia.

380 2117 387 2126 ·
505 2081 963 2164 Mauritaniam
1026 2079 1293 2144 divisam
1342 2096 1493 2143 ante
1543 2095 1900 2144 tenuerunt
1951 2101 2131 2169 reges
2173 2077 2522 2170 Bogudes,
2583 2087 2650 2138 et

500 2183 833 2262 Bocchus,
859 2159 965 2246 ille
994 2181 1445 2269 Tingitanam,
1476 2182 1584 2245 hic
1599 2183 2075 2247 Coesariensem.
2105 2181 2222 2247 His
2251 2179 2540 2245 mortuis
2573 2177 2640 2239 in

502 2300 775 2372 utraque
808 2283 1115 2353 successit
1165 2282 1333 2347 Juba
1372 2281 1690 2349 beneficio
1735 2285 1996 2349 Caesaris
2043 2282 2351 2373 Augusti,
2395 2281 2520 2371 qui
2559 2274 2642 2341 ad

500 2401 840 2475 paternum
874 2404 1149 2471 regnum
1200 2384 1259 2447 ei
1290 2406 1675 2451 concessum
1720 2386 1858 2452 haec
1891 2384 2152 2469 adjecit,
2197 2402 2275 2451 ut
2307 2394 2639 2449 memorat

502 2484 732 2551 Strabo
774 2484 817 2549 l.
852 2507 907 2549 c.
960 2485 1043 2547 Et
1073 2484 1354 2566 Plinius,
1384 2485 1493 2550 lib.
1533 2489 1627 2570 V,
1661 2511 1798 2577 cap.
1841 2513 1868 2553 1
1913 2488 2039 2553 sub
2073 2487 2270 2553 finem
2299 2485 2634 2559 adfirmat,

496 2586 729 2653 Jubam
758 2586 1097 2674 Ptokmfei
1120 2600 1371 2675 patrem
1390 2592 1674 2677 primum
1707 2592 1954 2679 utrique
1991 2591 2410 2655 Mam-itania·
2441 2607 2638 2673 mque·

498 2713 689 2755 rasse.
736 2694 831 2755 Ac
875 2690 1157 2779 primum
1200 2688 1466 2778 quidem
1513 2692 1848 2783 Augustus
1889 2692 2156 2757 subacta
2187 2689 2483 2780 AEgypto
2502 2735 2521 2768 ,
2567 2700 2633 2747 et

500 2794 793 2859 Antonio
831 2793 1299 2882 Cleopatraque
1330 2796 1608 2861 mortuis
1633 2844 1650 2877 ,
1697 2818 1904 2883 quum
1935 2798 2174 2861 horum
2211 2794 2406 2860 filiam
2441 2795 2630 2859 Cleo-

497 2911 745 2983 patram
778 2894 1053 2961 Selenen
1077 2895 1111 2958 J
1116 2895 1291 2977 uboe,
1322 2896 1436 2983 qui
1464 2920 1648 2963 suam
1675 2898 1968 2963 militiam
1993 2912 2310 2987 sequutus
2344 2914 2486 2962 erat
2505 2944 2524 2977 ,
2559 2893 2624 2955 in

500 2996 989 3061 matrimonium
1016 2996 1330 3080 dedisset,
1368 3021 1520 3063 eum
1547 3000 1742 3063 simul
1763 3021 1964 3089 regno
1982 3016 2284 3088 paterno,
2307 2998 2377 3064 h.
2401 3020 2460 3063 e.
2485 2998 2624 3061 Nu·

498 3097 717 3180 midia,
736 3096 839 3161 vel
862 3096 1185 3161 Numidiae
1216 3116 1397 3186 parte
1416 3148 1435 3182 ‚
1470 3099 1752 3182 donavit,
1777 3102 1850 3165 A.
1875 3100 1951 3165 U.
1987 3104 2150 3189 724,
2181 3118 2256 3165 ut
2276 3099 2480 3164 refert
2497 3095 2620 3162 Dio

496 3200 609 3265 lib.
636 3200 741 3263 LI.
766 3198 1017 3281 Quinto
1046 3216 1197 3286 post
1222 3222 1422 3275 ann0,
1460 3202 1540 3265 U.
1569 3204 1640 3267 C.
1677 3224 1806 3290 729
1826 3250 1844 3284 ,
1884 3226 2088 3290 quum
2119 3202 2418 3267 confecto
2449 3197 2622 3265 bello

496 3300 881 3367 Cantabrico
932 3301 1299 3367 Tarracone
1360 3302 1629 3367 haereret
1699 3308 2074 3393 Augustus,
2135 3305 2314 3369 Jubae
2371 3320 2616 3392 partem

496 3403 843 3491 quamdam
878 3402 1165 3467 Gaetuliae
1182 3452 1201 3485 ,
1251 3402 1429 3491 quod
1476 3426 1624 3493 pars
1675 3408 1808 3487 ejus
1855 3406 2062 3486 major
2102 3406 2451 3496 provinciis
2487 3404 2616 3469 Ro-

494 3506 700 3569 manis
731 3504 1050 3593 adscripta
1074 3520 1241 3571 esset
1258 3554 1275 3587 ,
1314 3522 1378 3570 et
1406 3508 1644 3571 Bocchi
1669 3508 2082 3598 Bogudisque
2111 3508 2391 3573 ditiones
2418 3505 2610 3571 dedit.

494 3605 658 3685 Dio,
688 3604 797 3669 lib.
828 3606 997 3669 LIII.
1040 3606 1325 3694 Imperio
1366 3607 1667 3695 quidem,
1719 3609 1901 3698 quod
1943 3627 2118 3674 certe
2165 3609 2246 3673 ad
2285 3610 2610 3676 Gaetuliam

491 3704 758 3785 adtinet,
784 3727 919 3769 non
940 3728 1196 3795 semper
1219 3726 1447 3798 pacato
1474 3710 1726 3799 gavisus
1753 3728 1883 3791 est3
1914 3711 2234 3798 siquidem
2262 3708 2608 3791 Dione‚lib.

492 3806 621 3887 LV,
656 3822 1089 3890 memorante,
1134 3808 1363 3874 Goetuli
1398 3811 1578 3877 Jubae
1619 3812 1754 3901 regi
1785 3812 2038 3897 infesti,
2075 3828 2142 3876 et
2171 3812 2396 3900 inique
2426 3805 2606 3875 simul

494 3910 801 3987 ferentes,
848 3928 983 3971 non
1035 3908 1363 3975 Romanos
1412 3912 1535 3976 sibi
1583 3934 1887 4001 praesse,
1934 3930 2160 3979 contra
2199 3936 2350 3978 eum
2398 3914 2606 3977 insur-

490 4024 713 4101 gentes
750 4007 1025 4075 finitima
1049 4028 1419 4095 vastarunt,
1466 4012 1838 4102 multosque
1870 4016 2200 4079 Romanos
2236 4036 2388 4079 cum
2435 4032 2604 4079 exer-

492 4114 625 4177 citu
666 4128 889 4177 contra
934 4134 1003 4175 se
1036 4114 1360 4199 profectos
1408 4116 1902 4181 interfecerunt:
1957 4117 2240 4204 denique
2275 4115 2438 4181 adeo
2475 4136 2600 4181 cre·
