2996 4685
851 373 984 442 DE
1041 373 1126 439 R.
1173 370 1490 438 FESTO
1550 368 1966 440 AVIENO.
2422 371 2465 443 3

339 509 600 594 Quibus
629 505 846 572 verbis
879 527 1016 570 non
1053 505 1266 602 solum
1307 505 1526 593 ipsum
1567 502 1698 566 hoc
1714 550 1732 584 ,
1767 499 1949 589 quod
1992 501 2191 567 modo
2242 503 2470 595 adtigi-

339 637 486 680 mus
503 663 522 697 ,
571 612 790 678 testari
843 611 1100 676 videtur
1118 658 1137 693 ,
1200 633 1268 674 se
1319 606 1669 697 aliquando
1717 608 2035 694 templum
2084 609 2469 698 Delphicum

338 721 574 787 vidisse
595 769 613 802 ‚
659 718 774 784 sed
819 718 1014 784 etiam
1063 735 1443 807 perpetuam
1479 716 1602 782 sibi
1640 738 1862 780 curam
1906 717 2269 781 carminum
2318 721 2476 783 scri·-

340 826 710 892 bendorum
744 847 884 890 esse
917 824 1243 914 praedicat.
1277 825 1415 888 Etsi
1453 823 1628 888 enim
1666 809 2171 910 Cannegieterus
2206 825 2275 888 in
2305 826 2475 890 Diss.

341 935 422 1000 de
448 935 726 1016 Aviano,
781 933 1034 1021 cap.-6,
1069 954 1213 1022 pag,
1259 931 1418 1015 253,
1452 931 1625 996 hanc
1660 931 1975 994 rationem
2018 931 2269 996 elevans
2293 982 2311 1009 ‚
2360 955 2481 1023 per

339 1041 541 1105 multa
571 1061 761 1128 opem
795 1061 928 1102 non
969 1037 1202 1121 libros,
1228 1037 1344 1102 sed
1375 1055 1823 1126 quascumque
1852 1037 2313 1124 occupationes
2340 1041 2481 1103 vult

339 1146 694 1236 intelligere
711 1193 731 1227 ,
755 1144 880 1208 hac
907 1144 1046 1233 ipsa
1080 1159 1298 1208 tamen
1325 1141 1863 1232 interpretatione
1893 1139 2167 1207 admissa
2195 1142 2480 1233 adparet,

341 1255 666 1321 Avienum
699 1251 1075 1334 adfirmare,
1124 1274 1196 1316 se
1229 1252 1402 1324 inter
1442 1251 1563 1314 alia
1594 1249 1830 1331 multa,
1863 1249 2103 1337 quibus
2140 1249 2482 1342 distringa-

341 1374 471 1441 tur,
507 1357 766 1448 negotia
797 1357 1058 1422 assiduo
1091 1357 1430 1422 Musarum
1463 1355 1683 1421 studio
1719 1355 2041 1421 delectari.
2080 1357 2232 1422 Non
2269 1358 2483 1448 exigui

343 1465 663 1530 momenti
692 1463 856 1528 illud
891 1480 1024 1546 est,
1053 1463 1238 1552 quod
1267 1464 1336 1528 in
1369 1485 1563 1528 versu
1596 1487 1635 1551 7
1671 1463 2083 1526 monumenti
2114 1485 2479 1551 pronomen

341 1572 489 1636 ollis
520 1572 790 1659 antiqua
821 1573 1029 1635 forma
1065 1571 1307 1660 legitur
1339 1593 1462 1660 pro
1495 1569 1641 1633 illae.
1686 1569 1946 1632 Etenim
1982 1569 2052 1632 in
2085 1570 2220 1633 suis
2250 1570 2483 1633 carmi-

341 1678 540 1743 nibus
588 1677 870 1742 Avienus
909 1700 1114 1764 quum
1162 1679 1471 1766 frequens
1521 1675 1945 1761 antiquorum
1987 1673 2339 1746 verborum
2385 1699 2489 1740 ca-

343 1800 562 1872 ptator
606 1781 904 1870 adparet,
953 1800 1096 1847 tum
1145 1783 1444 1870 inprimis
1495 1781 1774 1844 formam
1824 1781 1996 1844 illam
2046 1781 2485 1868 pronominis,

344 1913 541 1978 quam
579 1887 894 1968 diximus,
938 1887 1216 1952 libenter
1256 1887 1558 1967 adhibet,
1600 1902 1667 1950 et
1700 1887 1969 1950 sortasse
2000 1886 2296 1974 plurimis
2328 1888 2487 1951 locis

343 2009 720 2082 usurpatam
759 1994 1120 2082 legeremus
1154 1993 1356 2056 hodie
1375 2041 1395 2073 ,
1429 1993 1554 2056 nisi
1588 1992 1833 2055 librarii
1880 1991 2161 2056 subinde
2204 2009 2488 2057 mutasse

343 2100 745 2166 viderentur.
822 2098 1126 2186 Denique
1193 2097 1362 2162 filius
1429 2097 1727 2161 Placidus
1797 2098 1865 2159 in
1933 2097 2225 2187 adposita
2287 2100 2487 2186 patris

346 2219 620 2274 ἀποθεώσει
637 2253 656 2280 ,
696 2203 808 2268 ubi
840 2204 1196 2268 adclamat:
1231 2204 1478 2291 Jupiter
1502 2203 1777 2266 aetltram
1805 2201 2080 2282 Panda,
2110 2204 2316 2284 Festa,
2346 2205 2488 2284 tibi,

345 2309 686 2376 manifeste
715 2310 912 2401 patris
943 2310 1012 2373 in
1045 2309 1370 2398 principio
1396 2310 1783 2373 Arateorum
1816 2308 2030 2373 verbis
2060 2309 2415 2398 respondet
2441 2333 2457 2375 τ

1281 2522 1507 2537 .......
1544 2486 1947 2557 auspiceterras

506 2603 516 2609 -
591 2572 805 2646 Linquo
825 2576 988 2639 Jove;
1015 2574 1274 2626 excelsam
1296 2586 1494 2626 reserat
1520 2572 1632 2624 dux
1658 2574 1865 2645 Jupiter
1891 2573 2137 2637 aethram3

351 2748 649 2838 adeoque
689 2750 1112 2837 interpretem
1143 2750 1528 2812 Arateorum
1562 2770 1700 2812 esse
1740 2748 2045 2813 eumdem
2094 2752 2340 2817 Rufum
2381 2758 2497 2819 Fe-

351 2870 528 2921 utum
547 2904 565 2937 ,
593 2856 709 2944 qui
740 2855 808 2918 in
843 2855 1306 2943 epigrammate
1337 2853 1723 2935 celebretur,
1752 2853 2051 2919 declarat.

441 2961 599 3026 Post
642 2976 741 3025 tot
782 2960 1019 3025 indicia
1061 2976 1128 3023 et
1175 2959 1458 3023 rationes
1480 3006 1498 3039 ,
1547 2982 1691 3047 quae
1724 2962 1973 3024 Rufum
2016 2962 2280 3028 Festum
2314 2968 2500 3032 Avie-
2594 2966 2597 2971 ’

353 3088 549 3149 num,
595 3080 854 3155 poetam
878 3115 896 3148 ‚
941 3088 1019 3130 eo
1057 3065 1342 3130 carmine
1389 3065 1577 3153 loqui
1624 3064 1991 3155 significant
2013 3116 2030 3148 ,
2075 3091 2317 3137 errasse
2353 3096 2498 3137 om·
2576 3094 2583 3105 ·

349 3175 515 3237 nino
564 3173 882 3262 Sponium
905 3220 923 3253 ,
973 3169 1376 3237 censendum
1422 3186 1558 3255 est,
1596 3194 1804 3259 quum
1839 3174 2162 3238 Avienum
2185 3224 2203 3258 ,
2245 3178 2359 3265 qui
2392 3180 2499 3243 hic

356 3292 538 3367 pater
563 3278 716 3342 Rufi
744 3280 917 3343 Festi
949 3280 1348 3359 nominatur,
1376 3279 1741 3341 carminum
1764 3326 1782 3360 ,
1816 3302 1961 3367 quae
1993 3279 2343 3365 habemus,
2377 3307 2497 3347 au-

359 3400 609 3449 ctorem
654 3405 792 3446 esse
837 3383 1175 3449 existimat.
1225 3384 1503 3449 Facilius
1555 3384 1624 3447 in
1668 3384 1857 3449 aliam
1905 3384 2193 3464 ejusdem
2236 3406 2500 3454 senten-

358 3491 514 3554 tiam
555 3486 1007 3570 concedimus,
1044 3490 1310 3577 quando
1365 3490 1547 3554 hunc
1592 3490 1898 3564 Festum,
1946 3491 2131 3572 cujus
2179 3510 2275 3558 est
2304 3496 2499 3585 lapis,

360 3620 437 3660 ex
483 3594 909 3683 inscriptione
942 3594 1362 3678 Atheniensi,
1404 3619 1533 3684 qua
1576 3594 1808 3659 Rufius
1853 3596 2083 3661 Festus
2137 3598 2505 3667 Proconsul

363 3702 620 3767 Graecioe
657 3700 990 3784 laudatur,
1032 3699 1301 3765 Rufium
1343 3703 1645 3780 Festum,
1680 3724 1817 3765 non
1852 3704 2136 3787 Rufum,
2170 3705 2502 3795 adpellan-

361 3808 522 3873 dum
571 3830 712 3871 esse
766 3823 970 3894 putat.
1026 3807 1111 3870 Et
1157 3804 1523 3871 adsentitur
1566 3806 1626 3869 ei
1681 3806 2059 3887 Fabrettus,
2105 3834 2179 3874 ac
2232 3812 2503 3879 minime

363 3936 608 3978 novum
660 3936 797 3978 esse
847 3916 972 3995 ait,
1024 3912 1246 4003 siglam
1281 3914 1376 3995 R,
1403 3937 1548 4001 quae
1605 3912 1733 3979 hoc
1780 3911 1990 4005 lapide
2030 3912 2204 3983 Festi
2246 3923 2498 3990 nomini

362 4018 782 4109 praeponitur,
813 4018 987 4084 Rufii
1026 4042 1270 4085 nomen
1303 4018 1697 4109 significare,
1738 4038 1815 4086 ut
1846 4024 1984 4110 ipse
2018 4022 2103 4088 ad
2139 4024 2357 4113 plures
2398 4029 2503 4090 in-

363 4125 741 4212 scriptiones
775 4148 844 4188 se
875 4124 1234 4189 ostendisse
1257 4124 1619 4214 profitetur.
1651 4126 2000 4215 Propterea
2029 4120 2335 4217 equidem
2366 4151 2503 4197 non

2152 4258 2211 4305 1.
