2996 4685
1019 383 1226 450 ORA
1275 381 1818 452 MARITIMA.

550 507 704 594 Qua
744 501 1046 573 sideralis
1085 503 1252 574 lucis
1290 503 1635 575 inclinatio
1674 521 1806 591 est,

557 614 706 683 Alte
742 628 1112 684 tumescens
1144 614 1301 684 ditis
1333 617 1621 710 Europae
1649 616 1999 702 extimum,

553 731 632 796 In
675 723 958 794 belluosi
995 726 1213 820 vergit
1245 724 1501 794 Oceani
1536 724 1769 795 salum.

555 839 702 904 Ana
737 836 952 904 amnis
995 835 1128 905 illic
1163 861 1286 930 per
1315 839 1607 930 Cynetas
1636 835 1890 922 effluit,
2412 863 2487 901 ,ος

555 943 916 1040 Sulcatque
951 945 1215 1041 glebam
1249 972 1266 1014 :
1303 945 1629 1041 panditur
1670 971 1903 1018 rursus
1944 948 2165 1036 sium,

553 1057 908 1150 Cavusque
947 1063 1178 1151 cespes
1212 1057 1283 1125 iu
1305 1057 1669 1128 ‘meridiem
1706 1072 1911 1152 patet.

455 1155 466 1162 ’
552 1167 932 1236 Memorato
969 1167 1056 1236 ab
1094 1171 1242 1238 Ana
1279 1168 1545 1264 gemina
1576 1192 1717 1238 sese
1758 1168 2037 1238 flumina

521 1297 528 1304 ·
556 1273 886 1344 Scindunt
924 1290 1196 1370 repente
1218 1331 1238 1362 ‚
1287 1300 1540 1372 perque
1574 1277 1874 1372 praedicti
1908 1279 2097 1370 sinus

557 1385 874 1455 Crassum
913 1384 1244 1481 liquorem
1285 1387 1575 1482 (quippe
1616 1387 1997 1486 pinguescit
2034 1387 2178 1460 luto

558 1497 778 1564 Omne
810 1495 922 1565 hic
959 1495 1410 1592 profundum)
1456 1497 1637 1566 lenta
1671 1496 1957 1568 trudunt
1990 1501 2280 1593 agmina.

438 1765 560 1800 202.
585 1753 699 1816 Qua
723 1751 950 1802 sideralis
966 1753 1088 1803 lucis
1107 1753 1384 1804 inclinatio.

367 1823 614 1877 sideralis
664 1826 754 1879 lnx
797 1829 876 1880 sol
915 1841 1028 1892 est3
1063 1840 1118 1882 et
1151 1829 1388 1902 Cynetae

368 1903 534 1956 ferme
572 1917 836 1959 extremos
875 1906 946 1961 ad
981 1927 1228 1961 occasum
1254 1909 1390 1962 Solis

369 1999 482 2034 esse
508 1996 684 2037 narrat
703 1985 962 2039 Herodot.
987 1986 1084 2040 lib.
1110 1988 1186 2040 1v
1193 2027 1208 2040 .
1226 1987 1387 2040 Orrr.

370 2063 499 2116 Var.
519 2065 666 2118 Lect.
683 2084 736 2137 p.
757 2065 840 2118 30.
857 2098 930 2108 -
949 2067 1037 2120 Sic
1053 2067 1195 2121 infra
1217 2086 1268 2119 v.
1284 2067 1387 2121 655

369 2135 437 2193 de
455 2141 597 2198 sole:
647 2169 672 2190 ι
691 2146 871 2211 Quum
898 2147 1080 2200 lumen
1103 2147 1188 2199 axi
1209 2147 1391 2199 Atlan-

369 2221 475 2274 tico
496 2223 832 2278 inclinaverit
850 2245 894 2292 -3
918 2239 970 2280 et
992 2227 1048 2279 in
1073 2228 1228 2280 Dece.
1257 2226 1388 2280 Orb.

369 2319 416 2355 ν.
441 2303 584 2371 984ε
612 2323 762 2377 «qua
783 2306 974 2360 caelum
994 2323 1178 2360 rursus
1195 2304 1249 2359 in
1273 2323 1388 2359 um·

369 2381 489 2435 bras
513 2382 743 2439 Inclinat
769 2398 1006 2440 vertex».

443 2471 559 2528 204.
585 2471 648 2516 In
665 2468 872 2518 belluosi
889 2469 1060 2535 vergit
1085 2467 1278 2518 Oceani
1300 2485 1388 2515 sa-

371 2544 485 2593 lum.
512 2540 598 2595 Sic
626 2543 781 2615 plane
813 2544 868 2597 in
897 2545 1102 2617 Perieg.
1139 2564 1190 2597 v.
1223 2543 1388 2615 1357:

376 2644 398 2664 ι
417 2619 557 2673 Colis
583 2633 636 2673 et
658 2622 770 2691 ipsa
796 2621 992 2677 dehinc
1029 2624 1195 2676 cetosi
1219 2624 1394 2695 vergit

373 2698 430 2751 in
459 2717 642 2771 equor
664 2701 928 2755 Oceani».
957 2733 1026 2744 —
1053 2702 1122 2755 Et
1145 2703 1303 2773 plane
1325 2700 1394 2753 ei-

375 2778 568 2831 militer
581 2797 742 2852 supra
760 2798 838 2834 n.
871 2798 966 2834 102
989 2798 1003 2833 ε
1031 2805 1058 2825 ο-
1077 2780 1144 2833 Et
1169 2780 1396 2833 helluoni

375 2860 640 2931 gurgitem
659 2862 864 2917 Oceani
889 2871 1070 2915 secant
1089 2885 1130 2911 »-
1151 2859 1254 2912 En.

447 2941 566 2994 205.
583 2946 707 2993 Ana
732 2944 919 3002 amenis,
948 2939 1076 2993 hod.
1101 2942 1393 2991 Gaudiana.

375 3018 431 3073 si
451 3020 636 3074 Ortelo
655 3020 787 3075 fides
813 3021 986 3094 aliqua
1003 3058 1022 3083 ,
1045 3019 1400 3073 hallucinatur

376 3100 584 3171 egregie
609 3102 846 3154 Avienus
898 3098 1076 3175 (quod
1105 3101 1278 3153 Anam
1304 3116 1400 3171 per

379 3178 608 3250 Cynetas
634 3180 852 3235 effluere
868 3181 1057 3249 dicit),
1078 3199 1206 3233 nam
1231 3196 1400 3251 quum

382 3251 596 3329 Cynetae
645 3259 787 3312 circa
833 3260 1256 3331 promontorium
1304 3256 1401 3310 Sa-

381 3352 534 3388 crum
551 3337 654 3391 sint
669 3376 684 3400 ,
704 3338 884 3391 multia
899 3338 1136 3391 millibus
1150 3354 1402 3409 passuum

380 3414 604 3468 inferius
632 3414 798 3471 fluere
830 3420 1004 3471 Anam
1043 3416 1102 3470 in
1131 3428 1403 3489 comperto

382 3506 476 3548 est.
503 3494 743 3564 Nemus,
772 3496 920 3569 Hisp.
943 3516 996 3568 p.
1019 3498 1142 3561 314.

457 3594 574 3646 207.
629 3580 889 3645 Canusqtee
942 3596 1108 3644 cespes
1165 3574 1302 3627 Pith.
1353 3586 1406 3627 et

383 3655 550 3709 Huds.
581 3661 834 3727 cavasque
857 3656 978 3711 cod.
999 3658 1070 3711 V.
1093 3668 1142 3709 et
1159 3654 1248 3708 ed.
1263 3655 1401 3707 Ven.

384 3737 529 3809 quod
561 3751 769 3792 rectum
806 3751 907 3800 est,
945 3738 1292 3808 firmaturque
1326 3755 1403 3791 vs.

387 3816 514 3869 530:
546 3842 568 3865 ι
588 3816 821 3872 Dehiscit
843 3818 951 3870 illic
973 3816 1200 3870 maximo
1221 3827 1404 3887 portus

384 3896 502 3947 sinu
522 3934 538 3958 ,
568 3896 880 3970 Cavumque
914 3898 1018 3951 late
1059 3896 1304 3963 cespitem
1341 3894 1407 3946 ir·

379 3976 518 4048 repit
539 3975 708 4027 nalum
732 4002 774 4029 ιι.

459 4058 581 4109 208.
602 4062 899 4109 Mamm-atus
941 4063 1058 4108 Ana
1096 4059 1146 4107 in
1185 4057 1406 4123 gemina.

386 4140 470 4190 lta
495 4136 634 4209 lego,
663 4134 808 4208 quod
837 4135 1056 4190 fluvium
1076 4134 1221 4187 hunc
1245 4132 1404 4185 δίστο-

1475 1769 1564 1820 μον
1606 1761 1753 1803 vocet
1792 1750 1998 1804 Strabo.
2027 1749 2189 1822 Vulg.
2224 1755 2499 1803 Memorato

1475 1833 1631 1880 aliam
1648 1868 1666 1891 ‚
1713 1842 1766 1882 et
1788 1848 1919 1882 mox
1944 1831 2190 1885 scindunt.
2222 1831 2401 1886 Hunc.
2428 1864 2497 1874 --

1477 1910 1680 1980 Nempe
1698 1911 1836 1962 Ven.
1857 1921 1912 1962 et
1936 1909 2073 1962 Pith.
2092 1909 2295 1964 hahent
2314 1917 2501 1964 Memo-

1478 2003 1591 2041 rato
1620 1991 1775 2041 alz’am
1799 1993 1850 2042 in
1879 1992 2108 2058 gemina,
2136 1988 2332 2044 deinde
2358 1994 2500 2042 Scin-

1477 2073 1635 2120 dunc:
1666 2087 1816 2142 eque
1851 2080 2103 2141 corrupte
2142 2067 2267 2144 cod.
2290 2071 2360 2122 V.
2396 2076 2504 2122 Me-

1479 2162 1735 2216 mor-atquo
1769 2150 2012 2201 Alehmin.
2055 2147 2159 2202 Sed
2208 2155 2505 2202 Memoraeus

1477 2233 1601 2280 Ana
1616 2267 1634 2288 ,
1661 2238 1715 2281 et
1740 2227 1795 2279 in
1820 2245 1929 2298 seq.
1958 2230 2147 2280 Scindit
2165 2226 2371 2281 dudum
2389 2247 2506 2282 cor-

1477 2307 1617 2361 rexit
1638 2306 1787 2379 opit.
1810 2323 1927 2379 cap.
1943 2325 1966 2360 1
1980 2325 2031 2372 1,
2064 2325 2117 2379 p.
2140 2307 2225 2360 36.
2245 2312 2507 2361 Memor-ati

1478 2401 1539 2437 at
1558 2406 1730 2439 amnes
1752 2385 1935 2438 Heius.
1956 2385 2104 2457 quod
2126 2385 2345 2459 quidem
2369 2388 2506 2441 bene

1477 2466 1727 2520 convenit
1752 2466 1995 2538 sequenti
2019 2469 2281 2530 Scinditur,
2310 2467 2401 2521 sed
2426 2480 2508 2521 ta-

1479 2566 1604 2599 men
1625 2548 1802 2617 plures
1825 2564 2008 2598 amnes
2024 2558 2147 2599 ante
2171 2565 2277 2600 non
2301 2566 2508 2602 memo-

1479 2626 1595 2678 rati.
1629 2626 1745 2697 Ego
1784 2644 1911 2679 vero
1954 2625 2236 2697 legendum
2266 2644 2457 2681 censeo
2488 2645 2503 2680 t

1483 2710 1760 2757 Memorato
1773 2708 1838 2755 ab
1856 2711 1977 2755 Ana
1992 2708 2196 2772 gemina
2218 2709 2508 2777 sese-flumi-

1485 2804 1585 2843 na,
1627 2783 1709 2835 vel
1754 2789 2031 2835 Memorato
2064 2786 2129 2833 ab
2168 2803 2317 2837 amne
2330 2822 2347 2845 ‚
2384 2787 2507 2857 quin

1485 2861 1601 2915 duo
1634 2862 1862 2933 plurales
1897 2872 2211 2933 sequuntur,
2238 2865 2507 2925 Semelam,

1487 2954 1542 2993 et
1572 2959 1623 2993 v·
1654 2959 1750 2994 211
1772 2943 1975 2991 trudunt
2001 2943 2225 3008 agmina.
2253 2942 2332 2995 De
2357 2962 2513 2996 amne

1489 3022 1607 3073 Ana
1622 3019 1854 3084 Plinius,
1880 3018 1972 3072 lib.
1998 3019 2085 3071 111
2102 3061 2119 3087 ‚
2142 3038 2262 3093 cap.
2285 3040 2307 3075 1
2330 3041 2345 3075 ε
2371 3022 2514 3075 «Or-

1487 3112 1575 3153 tus
1614 3098 1703 3151 hic
1736 3096 2068 3151 Laminitano
2094 3118 2223 3171 agro
2254 3100 2515 3155 citerioris

1491 3178 1757 3250 Hispania
1775 3218 1791 3245 ,
1818 3190 1871 3231 et
1908 3176 2073 3229 modo
2118 3198 2175 3231 se
2222 3179 2278 3231 in
2328 3192 2513 3251 stagna

1493 3258 1752 3319 fundenS,
1778 3256 1941 3309 modo
1963 3258 2019 3310 in
2045 3258 2316 3329 angustias
2344 3278 2515 3311 resor-

1491 3340 1646 3403 bens,
1672 3349 1766 3391 aut
1798 3336 1854 3388 in
1898 3346 2067 3387 totum
2094 3335 2355 3391 amiculis
2390 3358 2517 3391 con..

1492 3417 1656 3483 dem,
1688 3428 1739 3469 et
1773 3414 1963 3486 sapius
1995 3416 2143 3466 nasci
2168 3415 2437 3486 gaudens,
2464 3419 2519 3471 in

1493 3493 1817 3548 Atlanticum
1836 3492 2111 3547 Oceanum
2134 3493 2431 3549 effunditur
2442 3524 2493 3557 1».

1569 3593 1687 3642 ²09·
1738 3578 1828 3624 Per
1864 3591 1980 3639 qua·
2010 3575 2249 3640 pra-dicti
2287 3573 2423 3630 Pith.
2469 3588 2520 3630 et

1491 3654 1662 3709 lluds.
1706 3651 1799 3707 ced
1836 3672 2025 3720 perque
2060 3652 2133 3705 V.
2170 3652 2384 3719 etven.
2425 3656 2519 3710 ha·

1491 3726 1649 3800 beat,
1691 3731 1939 3803 idemque
1966 3728 2101 3784 vidit
2126 3732 2271 3805 opit.
2313 3735 2351 3788 1.
2387 3754 2438 3789 c.
2469 3750 2522 3789 et

1490 3814 1674 3869 Heius.

1570 3912 1690 3947 211.
1724 3898 1877 3943 Lenta
1909 3894 2113 3941 trudunt
2139 3896 2377 3958 agmina,
2406 3895 2519 3948 scil.

1494 3990 1755 4045 aquarum
1773 3971 1853 4023 vel
1877 3968 2155 4023 fluctuum.
2175 3971 2262 4025 Sic
2286 3973 2342 4025 in
2365 3974 2523 4025 Dese.

1495 4053 1626 4105 Orb.
1647 4072 1696 4105 v.
1717 4052 1839 4118 341,
1861 4048 1931 4103 de
1950 4049 2101 4103 Nilo:
2124 4078 2150 4097 a
2167 4051 2356 4121 procul
2375 4053 2519 4106 illinc

1493 4130 1704 4205 agmina
1729 4131 1872 4202 cogit
1894 4132 1961 4183 In
1986 4130 2208 4184 Boream
2225 4158 2269 4183 ιο.
