2996 4685
496 379 634 453 508
1214 379 1786 448 EXCURSUS
1849 381 1922 448 II

490 501 881 591 rogabimus.
912 501 1007 563 Ita
1038 522 1192 564 vero
1228 499 1492 564 Cosmas
1528 482 1841 583 libr0'1V‚
1875 523 2016 590 pag.
2063 501 2219 585 188,
2257 525 2294 566 e
2324 506 2620 570 versione

492 600 1015 666 Montefalconii:
1044 631 1071 655 ι
1090 601 1199 665 Sol
1221 602 1435 665 oriens
1453 650 1471 683 ,
1498 616 1566 665 et
1587 598 1922 666 meridiem
1956 603 2316 668 secundum
2343 629 2617 672 conver·

490 704 705 767 siones
728 724 875 766 suas
899 700 1247 766 decurrens
1264 751 1281 783 ,
1307 725 1562 792 semper
1584 702 1990 767 altitudinem
2017 719 2226 786 terrae,
2257 705 2390 770 sive
2415 707 2618 797 ipsam

490 819 727 867 terram
770 804 1184 885 collustrans,
1234 803 1405 867 ultra
1448 818 1634 869 terrae
1679 801 2085 868 altitudinem
2133 805 2304 868 illam
2326 853 2344 887 ,
2394 829 2618 871 versus

494 905 827 968 Oceanum
860 921 925 969 et
965 905 1337 970 ulteriorem
1382 921 1617 969 terram
1635 955 1653 988 ,
1701 920 1958 970 noctem
1997 904 2194 970 efficit
2229 931 2243 971 :
2279 930 2354 972 ac
2394 931 2618 973 rursus

492 1005 577 1070 ad
616 1006 1017 1071 occidentem
1070 1023 1136 1071 et
1181 1007 1552 1094 aquilonem
1588 993 1935 1070 deveniens
1977 1029 2171 1095 supra
2211 1008 2616 1073 altitudinem

492 1122 677 1170 terrae
692 1155 710 1189 ,
740 1107 849 1171 hic
874 1089 1130 1172 noctem
1154 1106 1353 1170 efficit
1368 1155 1386 1188 ‚
1408 1107 1622 1172 donec
1647 1108 2158 1172 circumveniens
2180 1109 2260 1174 ad
2285 1108 2621 1175 demissio-

490 1229 595 1271 res
620 1207 887 1271 orientis
914 1215 1125 1295 partes
1150 1207 1454 1295 adpareat
1470 1256 1487 1289 ,
1515 1231 1589 1272 ae
1609 1231 1867 1272 rursum
1891 1207 1974 1273 ad
2000 1209 2332 1275 meridiem
2355 1211 2622 1276 adscen-

493 1306 655 1372 dens
698 1309 827 1372 hoc
876 1309 1248 1374 universum
1290 1309 1612 1374 illuminet
1647 1340 1692 1372 ιι.
1741 1310 1976 1376 Merito
2029 1313 2280 1377 Cosmae
2321 1312 2621 1378 addimus

492 1409 689 1472 alium
752 1410 1131 1497 scriptorem
1198 1410 1624 1500 Geographiae
1685 1411 2160 1495 Christianum,
2219 1437 2618 1503 anonymum

492 1511 928 1576 Ravennatem
948 1561 965 1593 ,
993 1534 1188 1600 quem
1212 1513 1367 1579 Ahr.
1394 1513 1764 1578 Gronovius
1788 1536 1936 1578 eum
1960 1515 2189 1603 Pomp.
2211 1517 2378 1581 Mela
2397 1517 2619 1583 edidit.

494 1613 618 1676 Hic
654 1614 829 1678 enim
866 1614 1041 1678 orbis
1077 1631 1260 1678 terrae
1298 1636 1493 1703 regna
1529 1613 1971 1703 descripturus
2013 1640 2163 1681 eum
2197 1618 2319 1683 sibi
2351 1620 2622 1684 omnino

495 1713 759 1800 planum
788 1731 854 1780 et
878 1732 1205 1804 patentem
1234 1714 1418 1804 fingit
1436 1765 1455 1798 ,
1482 1733 1680 1804 atque
1706 1717 1772 1781 in
1801 1718 2228 1784 meridianum
2261 1737 2326 1784 et
2345 1705 2623 1810 septem-

494 1815 835 1881 trionalem
870 1817 1225 1906 marginem
1265 1815 1580 1898 divisum,
1612 1839 1727 1906 per
1760 1840 2044 1904 quorum
2085 1821 2356 1886 alterum
2393 1821 2491 1885 sol
2523 1822 2625 1885 vel

493 1916 623 1981 diei
645 1920 748 1983 vel
783 1920 987 1984 noctis
1017 1919 1209 1987 horas
1236 1937 1519 2010 peragat.
1553 1920 1721 1985 Hinc
1748 1921 2044 1984 omnium
2073 1921 2360 2010 gentium
2389 1923 2625 2010 patrias

490 2019 664 2101 (hoc
704 2023 841 2103 ejus
885 2021 1274 2087 vocabulum
1321 2021 1457 2107 est)
1503 2037 1568 2087 et
1615 2023 1811 2087 situm
1855 2045 2074 2086 earum
2125 2045 2241 2111 per
2276 2022 2624 2088 duodecim

494 2121 621 2186 diei
648 2122 841 2186 horas
866 2123 1200 2206 describit,
1224 2123 1315 2186 ita
1340 2139 1419 2188 ut
1438 2125 1645 2212 prima
1672 2125 1832 2188 hora
1861 2124 2063 2189 solem
2095 2126 2410 2214 accipiant
2442 2125 2586 2192 Indi
2607 2176 2626 2208 ,

496 2222 881 2288 duodecima
920 2241 985 2288 et
1026 2241 1307 2288 extrema
1352 2225 1644 2290 Britones
1689 2241 1754 2289 et
1799 2225 1974 2288 Scoti
2013 2247 2028 2291 ε
2071 2225 2310 2313 pariter
2348 2226 2625 2312 reliquas

494 2340 719 2416 gentes
742 2320 826 2388 ad
852 2325 1379 2413 septemtrionem
1405 2348 1524 2413 per
1551 2325 1822 2393 totidem
1859 2328 2067 2392 noctis
2097 2327 2288 2391 horas
2315 2346 2622 2393 recenset.

494 2424 679 2490 Idem
711 2426 1079 2508 contendit,
1109 2428 1401 2514 quamvis
1430 2429 1497 2491 in
1529 2429 1734 2517 prima
1760 2429 1920 2492 hora
1948 2427 2076 2493 diei
2099 2430 2195 2493 sol
2221 2429 2403 2517 quasi
2432 2452 2628 2517 super

494 2526 813 2591 Indorum
836 2542 962 2592 stet
984 2528 1187 2617 patria
1204 2578 1221 2611 ,
1245 2543 1526 2593 attamen
1552 2530 1619 2592 in
1647 2527 1871 2594 eadem
1900 2530 2058 2593 hora
2091 2530 2160 2593 in
2184 2544 2395 2593 totum
2423 2530 2627 2618 respi-

494 2652 643 2695 cere
683 2628 1004 2695 mundum
1055 2629 1306 2718 (ipsius
1356 2630 1568 2696 verbis
1611 2628 1844 2717 utor);
1896 2630 2079 2717 quod
2129 2650 2280 2693 sane
2323 2630 2460 2694 fieri
2503 2630 2626 2695 nisi

493 2732 687 2821 plano
710 2748 775 2797 et
799 2733 1029 2821 aequali
1055 2755 1321 2821 prorsus
1346 2730 1595 2797 mundo
1616 2756 1750 2797 non
1771 2747 2004 2820 potest.
2031 2732 2126 2795 Ex
2144 2730 2332 2796 dictis
2348 2734 2626 2796 auctoris

492 2835 687 2899 etiam
717 2836 1017 2925 colligere
1039 2857 1299 2901 necesse
1328 2850 1456 2917 est,
1482 2836 1784 2899 statuisse
1815 2856 2002 2917 eum,
2031 2832 2144 2897 ubi
2171 2834 2267 2897 sol
2297 2856 2412 2923 per
2439 2834 2631 2898 meri-

495 2936 762 3001 dianum
791 2940 1146 3029 marginem
1176 2939 1391 3026 plures
1422 2953 1642 3027 gentes
1673 2954 1738 3001 et
1769 2952 1972 3000 terras
2001 2935 2423 3025 percurrerit,
2455 2950 2521 3001 et
2545 2934 2628 3001 ad

494 3041 989 3128 septemtriones
1017 3040 1411 3129 pervenerit,
1441 3056 1516 3103 ut
1543 3061 1675 3102 nox
1707 3039 1774 3103 in
1803 3039 1993 3104 terris
2019 3039 2364 3127 peragratis
2396 3060 2626 3103 conse-

494 3158 764 3229 quatur,
797 3141 1033 3206 debere
1070 3164 1223 3207 eum
1260 3141 1514 3222 objecto
1553 3140 1796 3232 aliquo0
1817 3138 2282 3228 impedimento
2316 3140 2478 3204 lucis
2513 3160 2627 3203 oc-

495 3243 744 3308 cultari.
780 3245 865 3307 Et
902 3243 1167 3332 quidem
1204 3241 1286 3306 de
1322 3241 1833 3330 septemtrionali
1876 3241 2064 3331 plaga
2092 3240 2382 3306 dicturus
2415 3240 2626 3329 primo

493 3345 821 3430 adfirmat,
860 3346 1064 3412 solem
1100 3344 1225 3409 sub
1264 3342 1708 3432 profunditate
1751 3342 1992 3408 Oceani
2039 3346 2342 3410 Arctoam
2380 3357 2626 3431 partem

496 3464 698 3512 noctu
736 3447 1181 3530 exambulare;
1219 3467 1375 3510 mox
1402 3460 1620 3509 autem
1657 3466 1735 3509 ex
1769 3444 2044 3509 aliorum
2079 3443 2625 3532 Philosophorum

494 3548 815 3611 sententia
851 3548 1143 3629 subjicit,
1181 3548 1351 3611 intra
1396 3548 1638 3611 Oceani
1681 3570 1858 3613 mare
1891 3544 2348 3609 innumerabili
2383 3546 2590 3633 spatio
2610 3594 2627 3626 ,

494 3648 917 3737 investigabili
934 3648 1167 3713 itinere
1184 3650 1497 3714 maximos
1517 3666 1774 3715 montes
1795 3670 1933 3713 esse
1947 3696 1965 3729 ,
1984 3662 2134 3735 post
2146 3667 2310 3735 quos
2323 3694 2341 3729 ,
2364 3647 2627 3735 quando

497 3750 594 3815 sol
616 3770 915 3815 occasum
941 3752 1175 3840 accipit
1192 3800 1209 3834 ,
1237 3767 1439 3816 totam
1464 3751 1871 3841 perambulet
1900 3764 2162 3813 noctem
2183 3796 2201 3828 ,
2227 3770 2436 3835 usque
2467 3747 2626 3813 dum

496 3850 751 3917 rediens
784 3851 1147 3917 secundum
1186 3876 1381 3918 suum
1416 3869 1673 3943 tempus
1711 3874 1932 3931 mane,
1979 3866 2130 3939 post
2165 3850 2338 3939 ipsos
2373 3866 2630 3915 montes

495 3954 732 4018 iterum
779 3951 1158 4019 hominibus
1200 3954 1522 4045 adpareat.
1572 3955 1725 4020 Haec
1773 3956 2112 4019 Ravennas
2159 3951 2263 4015 ille
2303 3972 2446 4040 pag.
2502 3950 2625 4041 745

504 4056 787 4122 Gronov.
2131 4076 2140 4086 ·

590 4157 893 4221 Recitatis
924 4156 1119 4247 igitur
1148 4158 1682 4247 Geographorum
1714 4156 2099 4223 testimoniis
2118 4204 2136 4238 ,
2179 4152 2414 4242 quibus
2447 4167 2629 4216 vetus
