2996 4685
755 381 888 448 DE
949 369 2032 452 CARMINIBUS„AV1EN1.
2124 357 2129 362 ’
2363 377 2455 465 45

329 509 630 574 crobium
647 557 666 591 ,
695 530 892 595 quem
913 506 1224 596 dignitate
1248 508 1663 572 Praefccturae'
1674 507 1835 572 sacri
1858 505 2145 572 cubiculi
2164 525 2457 574 evectum
2476 549 2483 556 -

329 613 596 695 dicunt‚
650 613 1018 678 familiarius
1065 611 1330 701 adloqui
1383 611 1677 694 videtur,
1739 613 2053 678 Theodosi
2096 615 2353 700 optime,
2396 615 2466 680 id

331 720 572 783 mirum
609 717 812 783 videri
858 719 1104 782 nemini
1141 717 1364 801 debet,
1401 718 1723 808 siquidem
1753 719 2037 784 Avianus
2072 719 2240 808 ipse,
2279 723 2463 802 cujus

330 843 571 891 stamm
609 844 673 892 et
707 849 976 890 munera
1015 826 1428 916 ignoramus,
1459 827 1631 892 forte
1672 849 1807 891 non
1850 827 2121 892 inferior
2157 827 2471 916 dignitate
2536 863 2544 872 ·

331 933 530 997 fuerit
549 981 566 1014 ‚
603 949 797 1021 atque
830 933 1080 996 etiamsi
1111 933 1344 1013 fuerit,
1377 932 1505 997 hoc
1543 933 1691 998 loco
1716 949 1949 996 ·tamen
1984 932 2469 1014 Theodosium,

333 1039 607 1128 seposita
643 1037 782 1117 ejus
814 1037 1158 1126 dignitate,
1191 1054 1268 1102 ut
1293 1037 1507 1102 virum
1540 1035 1809 1101 doctum
1842 1053 1908 1102 et
1934 1037 2057 1101 sibi
2090 1038 2467 1104 familiarem

332 1150 600 1226 spectat.
641 1139 806 1202 Nam
839 1138 908 1200 in
943 1137 1320 1225 praefatione
1352 1139 1505 1203 satis
1538 1153 1757 1227 aperte
1795 1137 2169 1226 profitetur,
2206 1140 2366 1205 velle
2400 1162 2479 1204 εει

333 1245 552 1308 oblato
589 1245 956 1308 fabularum
989 1243 1206 1309 libello
1237 1261 1494 1334 gratum
1532 1246 1741 1309 facere
1776 1244 2033 1309 homini
2070 1245 2367 1330 crudito;
2402 1262 2471 1310 et
2550 1287 2553 1295 ·

331 1351 520 1438 plane
557 1352 625 1413 in
661 1349 1070 1414 Macrobium
1103 1351 1613 1417 Grammaticum
1646 1351 1983 1432 convenit,
2013 1350 2193 1438 quod
2224 1352 2331 1416 ille
2356 1352 2468 1433 ju-

332 1455 576 1522 dicium
600 1457 682 1520 de
705 1479 826 1520 suo
847 1455 1220 1530 Theodosio
1245 1457 1511 1522 inserit:
1544 1487 1569 1512 ιι
1592 1457 1756 1540 Quis
1790 1472 2007 1522 tecum
2036 1456 2117 1521 de
2145 1460 2469 1541 oratione,

331 1566 476 1655 quis
527 1565 612 1631 de
662 1581 958 1656 poemate
1011 1564 1373 1654 loquatur?
1422 1567 1649 1648 Quum
1696 1566 1765 1628 in
1810 1581 2095 1655 utroque
2138 1568 2485 1633 literarum·

331 1695 568 1764 genere
605 1689 670 1737 et
702 1673 948 1737 Atticos
991 1672 1210 1739 Graeca
1254 1670 1625 1736 eruditione
1673 1693 1970 1761 superes,
2038 1689 2104 1737 et
2156 1674 2471 1742 latinitate

331 1781 658 1844 Romanos
690 1811 736 1843 ι».
773 1780 929 1842 Non
960 1765 1144 1842 aliter
1176 1801 1246 1842 se
1276 1777 1611 1842 Ausonius
1645 1778 1844 1867 gerit,
1892 1775 2157 1867 quando
2195 1777 2277 1843 ad
2309 1779 2473 1842 Pro·
2506 1817 2519 1838 .·

333 1883 496 1948 bum
533 1883 913 1948 Praefectum
949 1883 1137 1946 Proet.
1190 1883 1272 1946 de
1315 1905 1388 1948 re
1439 1883 1651 1970 aliqua
1686 1884 1959 1946 literaria
1992 1883 2233 1947 scribit.
2271 1885 2473 1966 Quasi

333 1989 681 2058 immemor
732 2009 1001 2050 summae
1049 1986 1188 2067 ejus
1245 1985 1607 2076 dignitatis,
1644 2009 1829 2074 aeque
1876 1987 2271 2053 familiariter
2316 2011 2469 2054 eum

335 2076 749 2182 adloquitur:
785 2093 1018 2172 Probe,
1058 2094 1168 2156 vir
1192 2095 1440 2181 optime.
1487 2094 1811 2184 Caeterum
1843 2093 1898 2156 si
1928 2109 2263 2158 auctorem
2294 2093 2475 2158 fabu-

335 2201 542 2264 larum
590 2198 876 2287 recogito
917 2196 1295 2262 familiarem
1337 2197 1656 2262 Macrobii
1698 2197 1923 2279 fuisse,
1963 2198 2141 2263 subit
2177 2199 2470 2263 animum

334 2305 650 2394 suspicio,
677 2305 948 2369 fortasse
977 2324 1130 2367 eum
1162 2325 1318 2367 vero
1347 2303 1618 2368 nomine
1652 2301 2025 2368 Flavianum
2062 2325 2201 2369 esse
2232 2326 2485 2369 vocari--

335 2413 497 2478 dum
515 2462 534 2495 ,
569 2413 720 2500 quia
754 2412 848 2475 sic
882 2408 1242 2498 adpellatur
1270 2430 1444 2473 unus
1477 2432 1516 2473 e
1550 2408 2147 2475 confabulatoribus
2175 2412 2477 2475 Saturna·

334 2520 488 2583 litiis
532 2517 847 2583 Macrobii
864 2564 884 2597 ,
929 2531 1126 2603 atque
1174 2514 1244 2579 id
1291 2514 1360 2577 in
1405 2512 1741 2580 codicibus
1778 2515 2065 2603 ,antiquis
2109 2516 2473 2581 fabularum

336 2641 667 2714 repertum
719 2642 1056 2713 perperam
1106 2622 1176 2685 in
1223 2619 1358 2686 duo
1408 2622 1673 2685 nomina
1720 2621 1920 2686 Flavii
1962 2622 2195 2688 Aviani
2246 2622 2475 2688 distra-

338 2747 520 2796 ctum
555 2746 674 2794 est.

430 2979 510 3043 V.
549 2976 649 3042 Ad
693 2978 977 3041 carmina
1007 2974 1158 3040 Rufi
1189 2975 1366 3040 Festi
1398 2974 1629 3039 Avieni
1675 2973 1877 3038 hodie
1924 2976 2235 3039 exstantia
2276 2998 2474 3065 porro

341 3082 678 3149 referenda
699 3082 996 3147 sunt'tria
1016 3080 1340 3171 poematia
1357 3080 1641 3161 minora,
1660 3101 1807 3167 quae
1830 3101 1951 3167 pro
1974 3079 2275 3144 instituto
2298 3103 2480 3161 meo,

345 3211 479 3276 quo
512 3200 768 3277 poetam
801 3207 1381 3276 unumquemque,
1409 3184 1627 3272 quoad
1662 3184 1846 3265 licet,
1874 3185 2206 3274 integrum
2244 3201 2310 3248 et
2340 3186 2481 3273 ple-

347 3315 509 3357 num
541 3316 665 3358 suo
699 3294 843 3357 loco
872 3315 1240 3381 proponere
1271 3290 1505 3356 studeo
1521 3339 1539 3372 ‚
1569 3290 1965 3355 carminibus
2003 3289 2444 3379 geographicis
2462 3337 2482 3370 ‚

347 3398 644 3488 quamvis
689 3396 922 3462 diversi
957 3399 1358 3487 argumenti,
1391 3395 1723 3477 subjunxi.
1776 3396 1847 3457 1⁰
1888 3396 2082 3459 Breve
2112 3417 2367 3459 carmen
2391 3396 2489 3459 ad

345 3504 732 3571 Flavianum
771 3504 1189 3568 Murmeeium
1231 3503 1313 3569 V.
1366 3503 1435 3569 C.
1479 3524 1619 3591 quo
1666 3500 2102 3589 malogranata
2144 3499 2267 3565 sibi
2312 3502 2487 3566 mitti

345 3628 560 3702 rogat,
597 3610 797 3677 fellito
847 3610 978 3674 oris
1023 3632 1251 3699 sapore
1295 3608 1607 3674 adfectus.
1650 3608 1795 3703 Hoc
1841 3603 1993 3669 Rufi
2040 3607 2217 3670 Festi
2250 3608 2483 3672 Avieni

349 3718 588 3784 nomen
611 3728 617 3737 ‘
641 3717 880 3783 diserte
928 3714 1266 3805 praefixum
1323 3718 1391 3779 in
1453 3712 1789 3779 codicibus
1846 3712 2031 3802 gerit.
2084 3714 2163 3777 In
2214 3715 2481 3804 antiqua

349 3944 656 4017 ostendens,
694 3950 948 4021 plurium·
977 3948 1254 4002 nominum
1297 3943 1556 3999 Macrobii
1602 3942 1931 4016 precipuum
1949 3978 1967 4005 ,
2006 3960 2114 4015 quo
2167 3942 2483 4017 plerumque

351 4040 422 4092 ab
467 4034 700 4110 a'ntiq‘nin
739 4036 1116 4091 Grammaticis
1165 4033 1488 4107 adpellant,
1534 4050 1645 4085 enne
1673 4030 2052 4085 Theodosium.
2100 4031 2321 4085 Accedit
2359 4031 2489 4084 hnic

350 4126 623 4183 sententia
643 4144 768 4180 cum
795 4126 1037 4199 pluribus
1059 4126 1389 4179 Nic.·Anton.
1412 4119 1545 4175 Bibl.
1564 4119 1789 4196 Hinp.11
1809 4138 1917 4188 ,·9,
1940 4138 2001 4191 p.·
2017 4122 2153 4172 160«
2460 4140 2467 4151 ¹
