2996 4685
558 345 695 443 370
1304 339 1840 408 Excunsus
1891 341 1922 406 1

558 465 784 532 Avieni
828 465 971 528 loco
1020 482 1154 524 non
1210 457 1558 548 legendum
1617 479 1756 524 esse
1797 456 2079 546 populis,
2132 458 2246 524 sed
2285 461 2544 548 populi,
2613 480 2696 526 ut

556 567 732 632 Alba
748 563 998 628 dioetur
1018 574 1228 650 caput,
1252 575 1317 624 et
1338 559 1537 624 veluti
1565 575 1770 623 mater
1775 557 2036 648 ‚pqvuli
2045 559 2516 642 AEneadarum,
2547 563 2694 628 sive

554 666 779 758 populi
818 663 1113 728 Romani.
1150 663 1376 750 Itaque
1412 659 1780 741 concludit,
1825 660 2095 726 omnino
2127 659 2448 726 Avienum
2478 662 2690 752 signi·

556 769 741 834 ficare
774 765 1053 832 voluisse
1068 811 1087 845 ,
1119 761 1358 828 Albam
1385 763 1679 850 Longam
1703 785 1742 826 a
1772 761 2010 826 boreali
2047 776 2258 848 parte,
2291 760 2694 850 Leucopetra·

552 865 1075 960 promontorium
1103 864 1185 928 ab
1208 863 1471 930 australi
1496 867 1830 928 terminum
1857 887 1979 928 esse
2001 864 2325 930 Ausoniae.
2357 863 2557 930 Addit
2591 882 2691 930 ta-

556 992 703 1036 men
729 1018 748 1052 ,
792 991 925 1033 non
976 967 1257 1032 multum
1304 965 1514 1029 obniti
1559 987 1662 1040 se,
1705 964 1759 1028 si
1805 966 1952 1052 quis
1998 965 2264 1031 nomine
2303 967 2506 1030 cautis
2545 987 2682 1032 non

552 1071 997 1159 Leucopetram
1018 1113 1037 1150 ,
1081 1065 1197 1131 sed
1224 1066 1524 1130 Ausoniae
1551 1078 1826 1130 τελευταῖον
1865 1075 2158 1147 ἀκρωτήριον
2191 1067 2450 1148 nemnem
2490 1067 2683 1132 intel-

552 1173 746 1260 ligere
790 1169 985 1234 malit.
1031 1161 1377 1231 Sententioe
1416 1165 1730 1230 hactenus
1771 1181 2142 1230 memoratoe
2183 1188 2412 1232 omnes
2449 1167 2684 1250 Albam

553 1274 841 1361 Longam
874 1269 942 1333 in
982 1267 1213 1334 Avieni
1242 1268 1534 1332 versibus
1561 1267 1938 1348 inveniunt3
1977 1267 2042 1329 in
2076 1267 2204 1332 hoc
2233 1283 2488 1332 tantum
2519 1269 2690 1332 Fon-

557 1374 737 1439 teinii
780 1370 1094 1438 sententia
1135 1367 1355 1432 differt
1398 1391 1435 1432 a
1480 1367 1775 1457 reliquis,
1823 1367 2002 1458 quod
2044 1369 2116 1433 hi
2149 1369 2547 1450 existimant,
2582 1370 2689 1433 Al-

554 1477 702 1540 bam
752 1476 1041 1563 Longam
1080 1470 1398 1536 Avienum
1450 1471 1520 1533 in
1575 1485 1756 1558 parte
1811 1469 2056 1533 boreali
2101 1469 2298 1534 Italiae
2347 1472 2642 1558 posuisse
2667 1519 2686 1551 ,

555 1575 697 1656 ille,
770 1575 959 1663 plane
1031 1594 1151 1661 pro
1216 1569 1500 1634 termino
1572 1569 1820 1634 boreali
1880 1570 2114 1651 Italiae,
2194 1570 2296 1635 vel
2378 1574 2688 1638 Romane

556 1675 817 1742 ditionis
863 1675 933 1738 in
985 1673 1165 1736 Italia
1210 1669 1537 1736 habuisse.
1593 1671 1966 1759 Utrumque
2010 1675 2162 1734 non2
2197 1672 2414 1736 solum
2459 1689 2688 1738 contra

554 1776 939 1844 sententiam
972 1771 1265 1860 Dionysii
1300 1786 1428 1854 est,
1462 1771 1577 1858 qui
1606 1793 1696 1834 vs.
1731 1794 1814 1857 77
1851 1793 1985 1858 seq.
2025 1770 2107 1836 de
2143 1772 2442 1836 universa
2473 1772 2688 1853 Italia,

552 1879 686 1942 sive
718 1875 800 1940 de
825 1874 1134 1940 Romanis
1166 1871 1363 1936 Italiae
1390 1870 1706 1954 dominis,
1734 1872 2065 1959 loquitur,
2116 1895 2237 1937 nec
2274 1873 2480 1938 ullum
2507 1875 2688 1942 Albae

553 1983 791 2067 Longae
836 1975 1147 2042 indicium
1194 1973 1421 2056 habet,
1472 1971 1586 2037 sed
1623 1972 1813 2036 etiam
1856 1973 2048 2061 plane
2087 1990 2313 2038 contra
2353 1975 2688 2042 veritatem

552 2077 1067 2170 geographicam.
1102 2075 1267 2158 Quis
1295 2074 1471 2140 enim
1498 2095 1792 2162 unquam
1819 2073 2056 2140 dixerit
2079 2077 2528 2142 Romanorum
2555 2093 2688 2142 ter·-

556 2203 657 2245 ras
696 2179 779 2242 ab
811 2177 973 2242 Alba
1016 2179 1239 2264 Longa
1284 2175 1608 2264 incipere,
1654 2177 1980 2242 terminari
2023 2178 2090 2242 in
2137 2178 2548 2268 Leucopetrae
2582 2179 2690 2244 vel

556 2282 681 2349 alio
713 2279 907 2344 Italiae
942 2276 1441 2369 promontorio?
1466 2277 1819 2366 Dionysius
1855 2279 1991 2368 ipse
2027 2279 2192 2345 nihil
2226 2279 2404 2347 aliud
2437 2303 2688 2347 memo-

556 2398 688 2458 rat,
736 2401 931 2466 qnam
966 2378 1161 2443 Italos
1179 2426 1196 2452 ‚
1234 2377 1347 2465 qui
1376 2392 1442 2441 et
1473 2379 1787 2461 Ausonii,
1821 2382 2016 2470 longe
2049 2381 2305 2470 lateque
2343 2381 2690 2448 dominan-

558 2498 676 2561 tes,
696 2496 950 2561 terram‚
983 2479 1049 2542 h.
1080 2500 1137 2542 e.
1170 2478 1417 2541 Italiam
1440 2478 1652 2544 colere
1687 2480 1840 2547 inde
1873 2506 1910 2547 a
1941 2484 2145 2549 Borea
2177 2507 2388 2574 usque
2409 2485 2494 2550 ad
2513 2488 2688 2549 Leu-

560 2597 905 2670 copetram.
960 2579 1144 2643 Hanc
1192 2580 1578 2644 sententiam
1627 2599 1921 2647 accurate
1971 2586 2282 2673 expressit
2323 2586 2688 2651 Priscianus

558 2706 650 2749 νε.
690 2683 810 2748 81:

909 2799 1033 2865 Qua
1056 2796 1258 2854 domini
1282 2816 1461 2855 rerum
1488 2800 1696 2853 terrine
1665 2816 1878 2855 crevere
1907 2800 2078 2853 Latini
2061 2820 2132 2867 1,s

910 2881 993 2935 Ad
1015 2882 1058 2933 P
1060 2894 1227 2937 ettam
1248 2884 1325 2935 Le
1294 2901 1461 2937 eucen
1484 2883 1628 2955 Aqui
1609 2882 1768 2937 rislon
1795 2884 1862 2937 ab
1893 2902 1988 2939 axe
2013 2884 2223 2941 reducti
2206 2904 2266 2941 ιι.

562 3008 793 3094 Neque
837 3006 1119 3072 Avienus
1162 3004 1526 3071 credendus
1581 3020 1678 3071 est
1725 3007 1972 3073 diversa
2025 3008 2106 3073 ab
2149 3008 2250 3073 his
2303 3008 2516 3075 dicere
2569 3032 2689 3075 vo-

558 3109 757 3173 luisse
774 3156 790 3189 ‚
844 3108 997 3171 licet
1048 3106 1159 3170 hic
1208 3106 1596 3171 sententiam
1643 3106 1940 3195 Dionysii
1992 3109 2388 3175 luculentius
2441 3110 2690 3200 elegan-

560 3212 823 3299 tiusque
854 3208 1185 3273 Prisciano
1216 3207 1552 3295 exprimat.
1600 3209 1831 3297 Itaque
1875 3210 2268 3275 recentiores
2307 3212 2688 3299 interpretes

560 3312 752 3377 verba
780 3310 1045 3391 Avieni,
1085 3308 1349 3373 meliore
1387 3307 1804 3375 distinctione
1830 3308 2146 3396 adhibita,
2192 3314 2393 3403 magis
2423 3312 2508 3379 ad
2535 3336 2686 3379 sen-

562 3436 707 3477 sum
740 3411 1035 3500 Dionysii
1064 3410 1673 3493 accommodarunt,
1705 3428 1772 3477 et
1797 3412 1865 3475 in
1879 3413 2056 3477 Alba
2087 3428 2270 3479 caute
2299 3438 2436 3479 non
2455 3414 2685 3481 Albam

562 3516 880 3605 Longam,
910 3513 1025 3578 sed
1054 3522 1241 3579 Λευκὴν
1268 3524 1459 3593 Πέτρην
1488 3512 1819 3603 Dionysii,
1853 3532 1920 3580 et
1950 3514 2208 3580 Petram
2241 3516 2521 3600 Leucon,
2553 3519 2686 3583 sive

564 3618 1046 3705 Leucopetram,
1068 3614 1379 3679 Prisciani
1402 3615 1812 3681 invenerunt.
1837 3616 2162 3681 Nimirum
2181 3616 2686 3707 Oudendorpius

564 3718 630 3779 in
666 3716 933 3785 observ..
962 3714 1228 3781 miscell.
1251 3717 1377 3781 vol.
1390 3715 1469 3797 V,
1500 3730 1656 3781 tom.
1683 3716 1744 3800 Ι,
1775 3738 1970 3805 quem
1998 3734 2316 3805 sequutus
2343 3734 2442 3785 est
2465 3720 2689 3785 Schra-

564 3816 786 3898 der-us,
814 3818 907 3885 sic
932 3832 1147 3881 totum
1177 3817 1397 3883 locum
1428 3815 1964 3883 constituendum
1987 3819 2274 3883 censuit:

913 3959 1036 4025 Qua
1061 3978 1117 4013 se
1140 3958 1304 4014 flabra
1334 3960 1496 4013 trucis
1521 3958 1702 4014 Borea
1729 3978 1826 4033 per
1848 3960 2114 4035 inhospita
2139 3974 2292 4019 ten-a.-

912 4042 1167 4097 Eructant
1194 4042 1347 4111 calo,
1382 4042 1594 4115 populis
1621 4056 1780 4117 eaput
1805 4042 2160 4099 AEneadarum
2175 4086 2190 4112 ,

912 4127 1045 4181 alh·
1064 4124 1257 4181 dehinc
1276 4138 1457 4181 cautes
1473 4138 1554 4207 ρει
1571 4128 1844 4183 tei-mima
