2996 4685
493 372 631 454 224

1252 369 1333 436 R.
1390 309 1458 432 F
1512 364 1864 432 AVIENI

589 491 717 561 Hic
746 489 1006 559 habuit.
1037 492 1230 558 Tunc
1258 487 1624 557 Ausoniam
1661 511 1730 555 se
1767 483 1999 580 pandit
2037 485 2107 554 in
2143 508 2328 552 oram

584 599 810 671 Tellus
836 599 1182 671 Trinacria
1220 612 1288 667 et
1325 595 1558 692 patulo
1594 595 2000 666 distenditur
2029 619 2216 689 agro.

584 717 741 782 Haec
777 726 999 782 autem
1042 709 1235 779 trinis
1274 707 1558 777 laterum
1601 705 2034 802 procursibus
2068 703 2329 789 adstat,

581 824 935 915 Ternaque
969 818 1265 889 caeruleis
1298 817 1500 913 longe
1525 817 1690 912 juga
1725 815 2010 910 porrigit
2045 814 2264 884 undis.

582 935 664 1000 ln
707 931 1073 1012 matutinos
1117 929 1465 1024 Pachynus
1507 927 1904 1023 producitur
1943 941 2171 996 ortus:

2539 945 2623 986 6³5

586 1046 746 1112 Pars
789 1057 971 1136 tepet
1008 1067 1048 1110 a
1090 1039 1395 1136 Zephyro
1440 1039 1784 1134 Lilybeia:
1829 1036 2004 1108 celsa
2043 1035 2296 1108 Peloris
2341 1029 2346 1034 ⁵

581 1155 751 1222 Tota
795 1148 1167 1221 sereniferae
1203 1149 1513 1244 pulsatur
1555 1149 1827 1218 flatibus
1866 1152 2079 1218 Ursae.

581 1264 710 1334 Hic
749 1265 876 1332 iter
922 1261 1202 1332 infidum
1240 1260 1497 1356 pelagi,
1532 1259 2042 1354 miserandaque
2089 1257 2220 1326 fata

552 1433 677 1506 531.
702 1437 763 1482 Se
778 1433 959 1500 pandit
980 1433 1031 1482 in
1054 1449 1192 1482 oram
1215 1429 1399 1483 vitiose
1421 1449 1508 1484 ex-

486 1510 674 1584 pressit
695 1510 1004 1583 Cuspinian.
1023 1508 1182 1562 Unde
1202 1509 1416 1562 Camers
1437 1509 1508 1563 ad

483 1591 647 1644 Prisc.
696 1592 797 1660 478
840 1589 998 1642 scribi
1038 1588 1194 1662 jussit
1230 1593 1415 1658 pandit
1454 1592 1508 1640 in

480 1688 621 1721 oram
634 1707 649 1729 ,
671 1667 817 1742 quod
834 1686 1021 1720 verum
1045 1680 1121 1722 est
1134 1709 1150 1734 ‚
1168 1680 1220 1720 et
1240 1687 1269 1722 a
1292 1667 1509 1740 reliquis

482 1759 772 1819 receptum.
821 1747 1081 1800 Caeterum
1127 1745 1361 1800 Pithoeus
1404 1748 1509 1801 hoc

484 1847 641 1882 versu
688 1843 966 1900 perperam
1012 1827 1340 1899 interpungit
1389 1837 1510 1899 post

422 1951 431 1956 .
476 1923 613 1960 hanc.

550 1989 673 2042 632.
716 1992 875 2040 Tellus
914 1988 1194 2038 Trinacria.
1238 1989 1509 2038 Tn‘nacn'oe

480 2071 541 2123 A.
563 2069 708 2142 quod
736 2069 927 2141 probat
948 2066 1233 2122 Schrader.
1254 2066 1507 2138 adlegans

481 2147 644 2202 Prisc.
682 2168 754 2200 vs.
786 2151 919 2213 466:
956 2173 981 2192 α
1003 2145 1260 2199 Sardinia
1280 2148 1433 2200 tellus
1450 2163 1508 2208 -3

478 2249 530 2283 v.
548 2229 679 2282 521:
710 2253 732 2276 ι
753 2227 960 2280 Ithaces
978 2228 1130 2279 tellus
1152 2245 1205 2292 »ς
1224 2227 1508 2299 ipsumque

477 2307 768 2374 Aiiannm,
788 2326 839 2361 v.
854 2309 962 2370 664
980 2323 995 2358 ε
1010 2307 1217 2360 -Teuus
1238 2304 1503 2371 Itbacae-;

479 2401 531 2441 et
553 2408 601 2440 v.
618 2392 721 2458 679
742 2406 755 2439 :
796 2411 818 2433 ι
834 2385 1042 2439 Fertilis
1056 2386 1444 2458 AEginae'tellua
1462 2410 1505 2437 n.

400 2500 409 2507 -
478 2468 593 2537 Ego
610 2466 686 2519 nil
704 2477 881 2531 muto,
905 2483 1029 2516 nam
1050 2466 1125 2517 sic
1146 2476 1197 2517 et
1222 2484 1376 2536 supra
1398 2466 1505 2517 No·

478 2559 601 2611 ster,
646 2564 695 2597 v.
732 2552 868 2609 414,
892 2549 1035 2597 tellus
1071 2551 1269 2614 Europa
1281 2568 1301 2608 ,·
1331 2546 1426 2599 ubi
1453 2558 1506 2599 et

480 2626 583 2678 alia
611 2626 849 2697 exempla
879 2624 1107 2679 adducta
1133 2625 1271 2679 vide.

548 2704 669 2760 633.
716 2710 876 2758 Tn'nis
924 2711 1129 2758 laterum
1168 2710 1500 2775 procursibus.

476 2790 703 2837 Laeonum
730 2800 870 2839 actm
894 2786 963 2839 de
992 2784 1177 2839 eadem
1204 2786 1385 2840 Sicilia
1418 2786 1502 2839 di·-

476 2864 546 2916 cit
565 2866 726 2919 Prisc.
752 2873 881 2937 479,
906 2878 958 2919 et
978 2866 1047 2919 cf.
1070 2884 1187 2939 sup.
1206 2884 1254 2918 v.
1276 2867 1501 2936 473.W.

473 2978 547 2987 —
564 2947 766 2997 Λάκαι.
782 2946 865 2999 sic
886 2966 963 2999 vs.
988 2945 1121 2998 318:
1143 2946 1367 2998 «Adstat
1392 2945 1502 3019 Cy-

473 3042 603 3077 rene
642 3036 857 3096 propter
893 3039 1046 3078 vetus
1069 3044 1125 3090 »3
1164 3036 1217 3077 et
1249 3044 1329 3079 vs.
1366 3026 1497 3096 376:

476 3105 725 3176 -Templa
733 3104 959 3176 Sinopaei
969 3103 1113 3157 Jovis
1126 3104 1332 3158 adstant
1342 3130 1385 3157 n.
1400 3106 1500 3158 En.

543 3183 663 3247 634.
700 3183 1026 3238 Schraderus
1058 3182 1303 3237 emendat
1326 3188 1502 3235 Trina-

475 3284 584 3331 que,
602 3263 725 3335 quia
746 3262 998 3335 praecedit
1018 3266 1175 3325 trinis,
1196 3277 1251 3317 et
1263 3265 1500 3318 Avienus

472 3362 663 3396 vocum
706 3343 1016 3415 repetitione
1060 3342 1369 3397 delectatur.
1400 3348 1500 3395 Tri-

472 3442 563 3474 nus
587 3422 813 3492 amplius
842 3420 984 3494 apud
1012 3440 1135 3476 eum
1160 3424 1390 3477 occurrit
1418 3443 1495 3478 vs.

474 3502 574 3573 473
590 3540 605 3563 ,
642 3501 739 3554 831
760 3541 776 3565 ‚
803 3513 853 3553 et
880 3500 1023 3573 apud
1050 3502 1210 3557 ovid.
1240 3502 1493 3575 Calpurn-

471 3591 520 3634 et
545 3579 692 3633 alios.
716 3580 815 3632 Per
825 3583 960 3649 juga
986 3580 1227 3653 intelligit
1246 3601 1494 3653 promon-

471 3660 599 3711 toria
620 3700 635 3723 ,
661 3670 720 3710 ut
742 3678 816 3712 vs.
836 3659 935 3712 233
955 3697 972 3722 ‚
1002 3660 1291 3715 secundum
1315 3680 1493 3715 emen-

467 3739 730 3792 dationem
759 3748 1008 3791 nostram.

542 3818 662 3872 635.
702 3822 963 3885 Pachynos
995 3821 1232 3874 scribunt
1272 3822 1435 3895 Cuspi
1444 3842 1492 3875 n.

472 3898 611 3951 vad.
636 3897 771 3951 Pith.
794 3902 1051 3965 Pachynus
1076 3900 1245 3953 Huds.
1269 3920 1493 3973 eamque

468 3978 779 4050 scripturam
821 3998 851 4033 e
886 3978 1007 4032 cod.
1038 3982 1099 4031 A.
1126 3980 1315 4051 probat
1340 3979 1491 4035 Schr.

468 4058 625 4112 Cous.
652 4058 717 4111 ad
740 4078 819 4113 vn.
849 4078 967 4132 ¹²9·

539 4140 658 4192 636.
684 4146 806 4190 Pars
840 4153 967 4205 tepet
996 4158 1029 4189 a
1057 4142 1300 4205 Zephyro.
1328 4140 1489 4211 Higtii

1595 1432 1904 1504 conjectura
1939 1441 2044 1482 est:
2083 1453 2105 1473 ι
2131 1429 2237 1480 Arx
2273 1437 2416 1498 tepet
2451 1445 2482 1480 a
2518 1427 2618 1480 Ze-

1593 1509 1768 1583 phyro
1795 1507 2030 1582 Lilybeia
2048 1534 2090 1560 =·.
2131 1507 2372 1560 Fortasse
2392 1526 2514 1576 pars
2540 1505 2618 1559 sic

1594 1610 1701 1644 non
1731 1589 1970 1662 ponitur;
1998 1605 2074 1640 vs.
2097 1587 2194 1658 371
2217 1585 2364 1657 regio
2373 1606 2496 1655 pars
2523 1603 2618 1638 vo-

1593 1685 1776 1725 catur:
1819 1669 1910 1722 hic
1944 1667 2042 1721 alia
2087 1666 2241 1719 ratio.
2277 1673 2392 1718 Am-
2429 1677 2619 1720 contra

1596 1771 1732 1824 saepe
1760 1750 1828 1803 ita
1855 1748 2100 1822 ponitur;
2120 1767 2171 1800 v.
2201 1747 2326 1812 186,
2349 1745 2618 1816 684,957,

1593 1833 1692 1886 Or.
1721 1819 1851 1884 mar.
1883 1831 2000 1895 314.
2035 1827 2139 1882 Sed
2168 1838 2342 1880 tamen
2360 1867 2376 1893 ‚
2410 1845 2478 1879 an
2505 1836 2616 1878 Arx

1593 1914 1650 1966 in
1680 1909 2007 1966 nominativo
2033 1908 2106 1961 sic
2135 1905 2616 1980 ponituri‘Dubito,

1593 2007 1642 2049 et
1673 1993 1776 2047 hoc
1802 2010 1887 2044 me
1912 1989 2124 2043 retinet.
2161 1987 2424 2040 Caeterum
2443 1987 2616 2058 probo

1590 2075 1870 2127 lectionem
1896 2074 1956 2122 A.
1991 2071 2056 2118 ab
2086 2069 2338 2135 Zephyro,
2374 2083 2492 2137 quoe
2523 2065 2618 2118 fir-

1593 2153 1726 2207 mari
1761 2161 1934 2224 potest
1963 2147 2165 2202 collatis
2201 2165 2280 2198 vs.
2323 2145 2418 2200 511
2437 2183 2454 2209 ,
2477 2145 2612 2213 590,

1592 2235 1713 2288 868.
1742 2233 1904 2284 Aliter
1942 2240 2118 2281 tamen
2150 2226 2310 2280 Ovid.
2349 2226 2484 2278 Fast.
2519 2225 2576 2276 11
2596 2262 2613 2288 ,

1598 2315 1695 2378 148
1713 2352 1729 2377 ‚
1750 2311 1892 2365 nulla
1912 2309 2203 2364 variatione
2229 2317 2422 2361 notata.
2445 2307 2613 2359 Scan.

1592 2394 1730 2447 Vad.
1759 2391 1850 2445 hic
1883 2390 2032 2444 aliter
2057 2386 2330 2459 distinguit
2357 2406 2417 2440 ac
2453 2386 2611 2457 legit:

1601 2500 1624 2522 ι
1640 2474 1770 2527 Pars
1785 2483 1924 2543 tepet
1943 2490 1974 2525 a
1990 2468 2232 2542 Zephyro
2253 2466 2487 2539 Lilybeia
2509 2467 2615 2519 cel-

1589 2572 1646 2607 sa
1661 2594 1677 2618 ‚
1694 2552 1867 2607 Pelori
1877 2552 2014 2603 Tota
2037 2547 2330 2601 sereniferae
2351 2550 2614 2599 ·.—Ce1m

1587 2636 1784 2688 Pelon's.
1823 2629 2142 2686 D'Orvilliun
2175 2629 2233 2680 in
2269 2627 2426 2681 Sicul.
2459 2645 2511 2697 p.
2543 2632 2576 2690 4
2594 2644 2612 2678 τ

1595 2741 1616 2762 ι
1643 2698 1860 2767 Pelei-us
1884 2709 2098 2764 humilis
2125 2705 2416 2761 admodum
2443 2725 2472 2759 e
2499 2705 2613 2759 lon·

1589 2795 1790 2867 ginquo
1834 2788 2164 2847 venientibus
2209 2787 2424 2859 adparet
2445 2827 2461 2851 ‚
2509 2806 2612 2840 nec

1590 2872 1686 2926 nisi
1733 2884 1854 2944 post
1893 2885 2175 2923 arenosum
2213 2866 2414 2938 aliquot
2441 2866 2516 2918 M.
2549 2866 2607 2918 P.

1587 2965 1815 3005 tractum
1843 2968 2028 3003 revera
2057 2946 2221 3019 surgit
2241 2973 2263 2993 ·
2292 2966 2305 3000 :
2338 2945 2610 3018 quomodo

1589 3030 1882 3103 capiendus
1907 3028 2063 3082 Silius
2083 3068 2098 3094 ,
2131 3028 2224 3079 lib.
2253 3026 2407 3091 xlv,
2430 3046 2482 3077 v.
2507 3027 2608 3096 78:

1593 3136 1614 3157 ι
1633 3110 1816 3163 Celsus
1842 3126 2055 3161 arenosa
2083 3107 2224 3160 tollit
2252 3124 2308 3158 se
2339 3105 2476 3157 mole
2507 3105 2608 3158 Pe·

1585 3191 1732 3243 lorus
1753 3216 1793 3242 2.
1830 3189 1990 3242 Scan.
2038 3218 2104 3228 —
2145 3186 2212 3239 Et
2247 3203 2374 3238 sane
2411 3189 2610 3237 Pelorus

1585 3268 2004 3343 frequentissima
2055 3266 2220 3338 poetis
2281 3265 2448 3316 forma
2499 3276 2578 3316 est
2591 3306 2610 3332 ,
2626 3280 2650 3301 ⁰

1583 3350 1672 3403 hic
1703 3361 1882 3403 tamen
1913 3348 2146 3401 Avienus
2180 3345 2496 3417 Dionysium
2523 3362 2608 3398 ne-

1581 3442 1778 3500 quntus
1801 3442 1892 3483 est.
1915 3430 2199 3481 Pom-iader:
2219 3423 2506 3497 aliquando
2525 3420 2608 3475 di·

1581 3509 1656 3563 cit
1671 3508 1832 3562 Ovid.
1861 3508 2002 3561 Fast.
2026 3506 2125 3571 IV,
2151 3512 2273 3576 479.

1653 3589 1774 3659 637.
1818 3588 2108 3655 Sereng‘feroe
2141 3589 2372 3654 pul-§amr
2395 3584 2606 3653 flatibus

1587 3672 1742 3719 Ursoe.
1763 3665 1850 3721 Sic
1875 3666 2036 3740 plane
2057 3664 2271 3718 Gratius
2288 3704 2303 3731 ,
2327 3663 2526 3735 Cyneg.
2550 3681 2601 3714 v.

1585 3746 1682 3799 55:
1725 3771 1747 3791 ι
1766 3746 1866 3799 Illa
1889 3746 1974 3799 vel
1997 3746 2065 3797 ad
2092 3744 2246 3798 flatus
2279 3742 2486 3796 Helices
2511 3758 2608 3812 op·

1582 3826 1756 3898 pande
1771 3844 1969 3880 serene
1990 3851 2030 3878 ι.
2059 3826 2160 3880 W.

1653 3906 1776 3959 638.
1797 3907 1889 3957 Hic
1909 3906 2000 3956 iter
2018 3922 2202 3957 omnes
2221 3914 2410 3974 proter
2433 3900 2607 3951 Vene-

1583 3997 1689 4039 tam
1713 4024 1730 4049 ,
1751 4003 1870 4058 quae
1891 3989 2018 4039 Hinc
2035 3988 2191 4046 irater,
2232 3982 2378 4036 unde
2411 3981 2602 4034 tectim

1579 4066 1739 4119 facias
1771 4070 1897 4118 Hine
1939 4068 2050 4127 iter,
2092 4084 2282 4137 nempe
2317 4084 2345 4117 a
2393 4063 2600 4116 Peloro.

1579 4144 1904 4199 Schrader-us
1917 4146 2005 4199 hic
2022 4144 2268 4199 adfirmat
2281 4186 2297 4212 ,
2313 4156 2602 4217 utrumque
