2996 4685
541 349 680 421 350

1301 353 1383 417 R.
1440 352 1509 416 F.
1565 350 1913 419 AVIENI

635 479 724 544 Et
759 470 991 567 procul
1028 472 1304 539 internae
1339 487 1676 566 perreptet
1703 475 1941 567 jugera
1980 489 2189 543 terrae.
2580 502 2679 539 nr,

733 586 874 652 Hos
915 606 1116 672 super
1150 596 1218 649 et
1253 579 1448 650 tellus
1483 581 1701 650 tendit
1736 582 2061 653 Gedrosia
2098 584 2361 679 glebam

631 694 882 763 Oceani
920 692 1136 760 vicina
1171 691 1394 775 fretis;
1427 706 1497 759 at
1541 692 1789 761 flumen
1828 694 1911 762 ad
1950 694 2195 764 Indum

633 807 1042 896 Auroraeque
1079 801 1250 871 latus
1285 802 1531 895 Scytha
1570 803 1717 870 miti
1749 805 2096 897 proximus
2132 808 2385 875 Austro

635 913 934 984 Adcolit:
978 911 1282 982 australis
1321 926 1502 981 certe
1540 914 1789 1008 Scytha
1827 913 2075 983 dicitur
2114 914 2265 984 ille:

633 1028 940 1118 Namque
975 1022 1084 1091 alii
1122 1023 1290 1091 dura
1327 1021 1681 1116 pulsantur
1714 1022 2005 1119 desuper
2030 1028 2259 1095 Arcto,
2573 1069 2673 1106 ,ψ

587 1226 592 1231 ,
631 1136 838 1207 Indus
874 1134 1212 1204 Caucasiae
1240 1156 1687 1227 prorumpens
1722 1134 1908 1227 rupis
1945 1133 2028 1203 ab
2070 1150 2267 1203 antro

637 1247 1006 1317 Adversum
1049 1241 1286 1338 pelago
1317 1243 1531 1312 Rubri
1572 1243 1807 1337 procul
1852 1246 2139 1339 aequoris
2179 1269 2442 1315 amnem

637 1358 953 1451 Porrigit‚
987 1356 1193 1449 inque
1232 1355 1489 1424 Notum
1537 1368 1719 1422 recto
1754 1352 1903 1422 fluit
1940 1355 2203 1448 agmine
2238 1378 2581 1449 aquarum.

635 1473 777 1540 Ora
810 1465 1053 1535 dehinc
1080 1463 1253 1534 Indo
1286 1463 1420 1532 duo
1455 1479 1654 1551 sunt,
1691 1463 2119 1558 mediumque
2150 1491 2269 1559 per
2300 1491 2535 1561 agrum

632 1576 862 1649 Insula
898 1600 968 1643 se
1005 1589 1192 1643 vasto
1234 1572 1455 1643 fundit
1503 1589 1689 1670 tergo
1731 1572 2061 1643 Patalene.
2570 1606 2671 1653 ,ηε

635 1695 1030 1759 Innumeras
1075 1683 1246 1753 idem
1286 1683 1599 1778 dispescit
1635 1684 1910 1753 flumine
1949 1701 2212 1780 genta,

537 1901 698 1954 maris
744 1897 938 1951 Persici
983 1894 1244 1967 adtingat,
1283 1908 1333 1949 et
1375 1897 1561 1968 procul

537 1979 750 2035 recedat
769 1978 824 2031 in
851 1977 1099 2030 interiora
1127 1988 1293 2030 terrae.

613 2078 635 2112 1
647 2058 763 2113 285.
782 2064 1024 2123 Peroepeec
1031 2058 1212 2125 jugera
1235 2070 1378 2107 terra·
1390 2093 1406 2118 ‚
1427 2054 1484 2107 h.
1510 2073 1560 2107 e.

539 2150 783 2211 peragret
800 2175 816 2200 ‚
836 2134 1166 2207 perambulet
1184 2176 1199 2199 ‚
1226 2146 1561 2206 pervagetur,

537 2218 724 2272 sensim
745 2226 798 2268 et
817 2214 1125 2269 successive.
1144 2214 1329 2285 Agitur
1337 2214 1476 2267 enim
1493 2213 1563 2264 de.

538 2310 691 2368 gente
712 2314 821 2349 non
839 2294 1082 2350 bellicosa
1097 2334 1112 2360 ,
1129 2311 1236 2346 non
1248 2294 1377 2347 fera.
1390 2293 1559 2366 Supra

535 2395 610 2428 vs.
643 2375 776 2438 458:
802 2374 944 2426 «Per
969 2372 1318 2425 dumosorum
1345 2387 1562 2445 reptan-

538 2468 614 2508 tes
655 2452 814 2507 dorsa
850 2454 1098 2526 jugorum
1119 2477 1145 2497 ιο
1162 2493 1177 2518 ,
1218 2464 1270 2504 et
1308 2471 1383 2507 vs.
1425 2455 1557 2523 894:

537 2560 562 2580 ι-
583 2551 680 2586 nec
705 2551 869 2604 vagus
894 2532 1078 2585 orbem
1110 2530 1363 2602 Undique
1386 2546 1561 2604 repta-

537 2613 590 2664 vi
606 2637 651 2664 ιι.
675 2611 953 2664 W.—Pr0
966 2624 1214 2679 perreptet
1229 2611 1281 2662 in
1303 2610 1420 2664 cod.
1441 2612 1557 2665 Ort.

538 2693 639 2745 fuit
657 2705 916 2760 pmoepcet.

609 2773 764 2824 1286.
795 2772 896 2822 Hos
935 2791 1082 2839 super
1121 2785 1194 2822 ese
1236 2775 1380 2823 tellus
1414 2771 1555 2823 Ven.

533 2852 696 2921 Cusp.
724 2849 862 2903 Pith.
891 2855 994 2901 Hos
1020 2869 1166 2918 super
1187 2865 1268 2901 ast
1291 2853 1434 2902 tellus
1459 2869 1556 2903 vo-

535 2930 632 2981 luit
667 2930 882 2982 Camers
910 2929 976 2982 ad
1003 2929 1168 2982 Prisc.
1199 2936 1302 2997 994
1325 2947 1340 2981 :
1368 2941 1420 2980 at
1447 2931 1559 2982 Va-

535 3007 727 3062 dianns
755 3009 943 3060 maluit
976 3007 1074 3060 sic:
1095 3009 1227 3060 «Ast
1261 3027 1421 3078 super
1457 3007 1557 3062 hos

533 3089 745 3141 tellus».
769 3086 1057 3139 Hudsonus
1082 3106 1112 3139 e
1137 3088 1436 3158 conjectura
1459 3105 1556 3159 po-

531 3168 636 3220 suit
660 3172 761 3219 Hos
790 3187 935 3234 super
957 3181 1004 3217 et
1026 3169 1166 3218 tellus
1195 3169 1379 3225 tendit,
1409 3165 1555 3238 quod

534 3247 722 3318 probo.

605 3331 755 3396 1287.
779 3329 848 3376 Et
865 3327 1048 3388 flumen
1076 3328 1151 3375 ad
1173 3327 1349 3375 Indum
1390 3325 1553 3398 Cusp.

527 3405 666 3458 Pith.
685 3409 940 3476 aestumen
962 3406 1036 3455 ad
1051 3385 1234 3455 Indum
1247 3403 1300 3454 V
1302 3403 1386 3455 ad.
1408 3403 1554 3475 quod

525 3483 681 3535 etiam
707 3485 936 3555 conjecit
957 3481 1183 3536 Oddius.

601 3563 752 3616 1288.
773 3566 953 3629 Scytha
975 3565 1134 3614 amitti
1153 3560 1274 3616 cod.
1301 3563 1416 3615 Ort.

603 3659 750 3710 1290.
772 3641 878 3693 Pro
899 3645 1026 3692 dum
1049 3647 1316 3708 pulsantur
1339 3642 1406 3694 ab
1433 3642 1549 3696 aliis

523 3720 624 3790 legi
649 3723 805 3770 enada
831 3733 1012 3772 monet
1043 3719 1290 3774 Friesem.

595 3813 746 3864 1²9¹·
810 3804 1146 3865 Praerumpens
1194 3800 1331 3852 Ven.
1398 3799 1542 3853 Pieli.

517 3875 685 3928 Huds.
701 3895 1021 3944 prorumpens
1045 3878 1208 3950 Cusp.
1241 3890 1294 3930 et
1319 3877 1458 3932 Vati.

1651 1895 1991 1950 commodum
2049 1912 2155 1962 est,
2202 1899 2249 1951 si
2298 1898 2511 1969 quidem
2576 1918 2671 1971 per

1650 1979 1859 2029 medium
1885 1982 2075 2030 alveum
2100 1977 2189 2029 ille
2216 1977 2554 2049 intelligatur,
2578 1978 2667 2029 ubi

1649 2055 1879 2126 primum
1924 2072 1979 2109 se
2022 2055 2217 2109 scindit
2264 2056 2431 2110 Indus
2470 2057 2525 2109 in
2560 2056 2669 2109 duo

1650 2134 1869 2188 flumina
1889 2175 1906 2201 ,
1950 2134 2182 2208 indeque
2230 2136 2511 2189 Patalenen
2562 2136 2667 2188 cir·
2718 2126 2735 2143 ‘

1650 2214 2049 2285 cumplectitur.
2070 2214 2375 2268 Eustathins
2392 2234 2519 2267 eum
2542 2214 2669 2269 dicit

1652 2293 1801 2346 Delta
1826 2293 1993 2348 simile
2012 2294 2262 2368 AEgyptio
2284 2294 2513 2348 efficere.

1726 2373 2077 2441 1295.1nsula
2097 2395 2152 2426 se
2174 2378 2509 2444 vastofimdit
2532 2389 2669 2442 tergo

1650 2457 1900 2504 Patalene.
1913 2455 2155 2505 stendn’ese
2163 2466 2481 2526 Nutsupmv
2502 2453 2663 2506 1283:

1653 2549 1885 2602 «magno
1912 2530 2154 2584 funditur
2180 2550 2375 2604 agro»,
2401 2532 2459 2585 h.
2486 2551 2535 2584 e.
2564 2532 2667 2586 late

1648 2609 1957 2682 explicatur,
2003 2611 2319 2665 extenditur.
2367 2613 2448 2664 De
2494 2613 2666 2664 insula

1648 2689 1927 2755 Patalene,
1953 2708 2113 2763 qnam
2142 2690 2254 2745 duo
2280 2692 2413 2745 ostia
2437 2690 2668 2744 fluminis

1646 2769 1770 2822 Indi
1794 2770 2023 2839 faciunt,
2046 2789 2268 2842 quaeque
2290 2771 2477 2823 nrbem
2504 2770 2669 2824 habe·

1645 2848 1736 2901 bat
1759 2853 1967 2910 Patala,
1992 2850 2090 2902 snb
2122 2847 2356 2902 divortio
2390 2849 2559 2903 amnis
2597 2849 2668 2903 si·

1644 2940 1755 2981 tam
1774 2969 1789 2994 ‚
1840 2929 2081 3000 inprimis
2140 2929 2247 3000 agit
2287 2927 2541 2982 Arrianus
2598 2928 2665 2982 de

1644 3006 1846 3078 Exped.
1887 3008 1967 3061 Al.
2002 3009 2097 3061 lib.
2137 3010 2255 3072 VI,
2280 3027 2399 3080 cap.
2448 3028 2509 3080 17
2551 3027 2663 3080 seq.

1644 3105 1867 3159 eamque
1910 3089 2073 3142 refert
2109 3108 2137 3141 a
2178 3089 2433 3160 triquetra
2464 3090 2663 3160 figura,

1644 3183 1805 3237 quam
1824 3168 1957 3219 ostia
1972 3185 2093 3220 cnm
2110 3169 2247 3221 mari
2265 3169 2465 3223 faciunt
2482 3205 2497 3231 ,
2521 3173 2665 3222 Delta

1643 3256 1913 3310 vocatam,
1961 3248 2108 3318 quod
2156 3247 2291 3301 adeo
2340 3249 2516 3318 majus
2568 3248 2664 3310 sit,

1644 3343 1804 3396 quam
1830 3325 1977 3378 Delta
2002 3327 2333 3398 Egyptian).
2354 3327 2454 3381 W.

1718 3406 1872 3472 1296.
1898 3407 2358 3475 Disperse’tflumae‘ne
2383 3404 2665 3459 ediderunt

1642 3483 1800 3554 Cusp.
1818 3494 1871 3536 et
1887 3483 2025 3536 vad.
2048 3484 2142 3537 sed
2160 3485 2274 3539 sine
2290 3484 2461 3538 dubio
2478 3483 2666 3536 melius

1640 3561 1779 3614 Pith.
1814 3565 2044 3630 dispescit
2057 3600 2073 3623 ,
2100 3581 2259 3635 quem
2300 3575 2552 3635 sequutus
2586 3575 2666 3616 est

1638 3639 1809 3696 Huds.
1854 3641 2049 3694 Favent
2095 3641 2266 3696 eidem
2314 3642 2527 3696 lectioni
2568 3641 2663 3694 MS

1636 3721 1751 3774 Ort.
1774 3732 1829 3773 et
1852 3720 1939 3773 ed.
1968 3721 2106 3774 Ven.
2131 3739 2249 3794 qua
2269 3722 2471 3776 habent
2497 3725 2662 3789 dispe·

1636 3803 1727 3850 xit.
1772 3799 1841 3852 Et
1882 3801 2103 3852 verbnm
2150 3805 2381 3870 dispescit
2433 3799 2665 3872 postulat

1636 3878 1855 3950 Dionys.
1880 3879 2041 3950 quiv-
2064 3889 2233 3950 10943
2272 3881 2432 3940 Κιῑνός
2468 3899 2542 3932 τοι
2578 3897 2664 3930 πο-

593 3963 742 4022 1294.
777 3955 881 4007 Pro
909 3974 1004 4023 per
1031 3975 1234 4025 agrum,
1268 3959 1412 4029 quod
1448 3958 1543 4009 hn-
1631 3959 1753 4010 λίων
1778 3958 2102 4029 ἀποτέμνεται
2123 3961 2259 4012 ὥνια.
2282 3967 2471 4030 φωτῶν.

515 4035 644 4088 bent
673 4035 921 4106 vulgata,
950 4035 1279 4089 Schraderns
1311 4039 1542 4110 conjecit

1705 4055 1859 4107 1927.
1890 4041 2055 4090 Oritas
2078 4041 2375 4106 Aribasqne.
2402 4038 2540 4092 Male
2574 4038 2666 4092 hn-

511 4117 818 4181 medae'mnque
849 4133 945 4180 per
981 4117 1198 4175 alveum5
1227 4116 1370 4185 qnod
1412 4133 1539 4167 sane
1628 4117 1743 4170 buit
1759 4116 1945 4170 doctos
1962 4117 2105 4173 viros
2118 4138 2299 4174 versus
2317 4117 2533 4191 quidam
2560 4119 2664 4170 Lu-
