2996 4685
943 339 1503 410 Em‘rmNEs
1568 335 1937 408 Avtssm.
2290 339 2301 360 ·
2415 361 2497 433 7¹

471 471 542 536 in
589 439 984 534 bibliotlieca
1032 467 1408 533 Florentina
1455 483 1555 534 est
1582 516 1601 551 ‚
1650 469 2153 558 descriptionem
2200 487 2280 532 ex
2334 469 2515 533 ltalia

471 578 732 642 missam
779 573 1020 640 videre.
1077 573 1242 640 Nam
1301 574 1459 639 dum
1512 575 1735 640 amicis
1770 575 2114 653 'exn-aneis
2166 571 2512 640 eonsilium

473 705 696 747 meum
763 679 998 746 edendi
1055 681 1278 746 Avieni
1307 729 1325 763 ‚
1383 699 1452 746 et
1528 679 1924 746 desiderium
1994 679 2223 769 primae
2284 677 2515 744 editio·

473 789 608 872 nis,
665 803 782 852 aut
837 788 1260 877 manuscripti
1341 789 1617 876 exempli
1680 785 1941 852 videndi
1957 834 1976 869 ,
2042 786 2293 875 aperio,
2348 786 2519 850 inter

473 893 632 958 alios
681 905 946 982 rogatus
981 917 1020 958 ι
1058 915 1166 958 me
1203 893 1304 956 vir
1345 892 1426 958 ol.
1459 892 1751 958 Adamus
1793 889 2313 957 Barieheviehius
2332 939 2349 968 ‚
2400 891 2523 956 hu-

475 1000 847 1064 maniorum
876 999 1206 1064 litet-anun
1233 999 1302 1064 in
1327 983 1673 1064 Academia
1697 999 1895 1088 Regia
1916 995 2329 1086 Zagrabiensi
2358 996 2521 1062 Pro-

475 1106 680 1170 fessor
709 1104 1009 1193 praeclare
1051 1105 1318 1169 meritus
1335 1152 1354 1187 ‚
1399 1127 1437 1168 a
1471 1125 1734 1168 summo
1768 1102 1941 1186 viro,
1987 1103 2239 1191 Angelo
2274 1101 2524 1167 Fahro·

476 1211 591 1275 nio
607 1257 628 1292 ,
663 1209 943 1275 Proesule
975 1209 1420 1292 ornatissimo,
1441 1223 1511 1274 et
1532 1205 1891 1275 Aoedemiae
1918 1207 2161 1273 Pisanoe
2188 1209 2525 1288 Curatore,

475 1337 630 1380 meo
655 1316 926 1380 nomine
953 1314 1336 1404 impetravit,
1355 1331 1433 1380 ut
1455 1315 1738 1403 exempli
1758 1313 2015 1396 Veneti,
2045 1313 2115 1378 in
2138 1307 2528 1379 bibliotheca

477 1422 851 1488 Florentino
893 1420 1266 1512 reperiundi
1281 1472 1299 1506 ‚
1345 1423 1759 1488 collationem
1812 1445 1930 1488 suu
1982 1443 2183 1488 manu
2232 1438 2529 1496 accurate

475 1527 746 1604 factam,
783 1528 1254 1594 humanissime
1294 1528 1377 1593 ad
1429 1551 1535 1594 me
1580 1525 2032 1616 perferendam
2074 1542 2352 1593 curaret.
2385 1527 2529 1590 Hoc

476 1635 715 1725 insigni
746 1634 868 1698 viri
904 1635 1124 1700 eximii
1158 1633 1378 1699 officio
1391 1683 1408 1717 ,
1435 1635 1625 1715 eujus
1668 1657 1891 1700 caussa
1936 1633 2245 1699 maximas
2286 1635 2347 1697 ei
2383 1655 2528 1721 gra-

479 1741 598 1806 tias
629 1740 894 1829 publice
934 1739 1214 1830 agendas
1251 1740 1497 1821 debeo,
1535 1739 1605 1804 id
1634 1740 1904 1806 demum
1930 1739 2205 1828 adeptus
2236 1761 2384 1804 sum
2403 1785 2421 1820 ,
2458 1753 2534 1800 ut

477 1845 676 1910 rebus
707 1846 1008 1935 singulis,
1041 1869 1204 1933 quas
1239 1845 1346 1909 ine
1386 1847 1456 1909 in
1493 1846 1721 1911 Italico
1751 1845 2099 1934 exemplari
2120 1893 2137 1921 ‚
2178 1859 2379 1934 atque
2409 1865 2531 1932 ego

478 1951 545 2014 in
575 1949 980 2016 Germanicis
1017 1950 1314 2039 pluribus
1347 1951 1788 2016 observassem
1806 1999 1825 2034 ‚
1851 1951 2105 2040 egregie
2132 1949 2531 2014 convenien-

479 2054 692 2138 tibus,
730 2055 872 2143 ipse
915 2055 985 2119 in
1039 2055 1396 2132 sententia,
1439 2077 1637 2143 quam
1680 2055 1761 2120 de
1814 2054 2027 2143 prima
2080 2054 2203 2118 ista
2248 2051 2531 2118 editione

476 2162 704 2228 Avieni
735 2162 1010 2226 tuleram
1035 2210 1054 2243 ,
1086 2161 1278 2250 plane
1315 2159 1754 2226 confirmarer.

565 2281 938 2347 Memorant
968 2280 1323 2347 editionem
1345 2279 1661 2345 Venenum
1696 2277 1961 2345 Antonii
1986 2278 2068 2342 de
2087 2277 2335 2358 Strata,
2365 2298 2529 2366 prse-

477 2404 580 2454 ter
618 2388 988 2453 Fabricium
1007 2436 1026 2469 ‚
1083 2386 1282 2451 Mich.
1329 2386 1633 2451 Maittair.
1681 2382 1911 2451 Annal.
1955 2402 2215 2477 typogr.
2264 2396 2425 2450 tom.
2462 2385 2493 2448 Ῑ
2512 2434 2529 2465 ,

479 2515 546 2583 p.
579 2492 748 2581 4953
781 2494 1067 2583 Catalog.
1095 2492 1405 2558 Biblioth.
1437 2492 1893 2573 Menarsianae,
1925 2514 2069 2582 pag.
2100 2489 2263 2574 3483
2298 2491 2535 2555 Biblio-

481 2598 686 2664 thecae
715 2596 1043 2689 Lugduno
1075 2598 1320 2662 Batavae
1339 2646 1358 2679 ,
1408 2620 1472 2686 p.
1507 2600 1660 2685 1743
1694 2596 1903 2662 David
1940 2596 2226 2662 Clement
2246 2644 2265 2677 ‚
2294 2594 2534 2660 Biblio-

483 2698 710 2793 theque
737 2706 1048 2783 emieuse,
1084 2719 1132 2767 t.
1157 2704 1223 2784 1,
1257 2724 1324 2789 p.
1357 2702 1510 2767 286.

573 2822 900 2886 Vitiosum
971 2818 1328 2884 admodum
1388 2820 1454 2883 et
1515 2817 1735 2883 multis
1793 2819 1989 2883 naevis
2047 2817 2335 2883 obsitum
2405 2818 2535 2882 hoc

485 2928 860 3017 exemplum
905 2947 1072 3008 esse,
1117 2924 1575 3014 unusquisque
1623 2945 1741 3013 per
1792 2945 1860 2987 se
1908 2924 2239 3012 intelliget.
2293 2922 2421 2989 Sed
2465 2924 2534 2990 in

483 3034 655 3098 vitiis
702 3032 839 3114 ejus
893 3033 1022 3097 hoc
1079 3032 1355 3096 maxime
1406 3030 1680 3111 eminet,
1733 3026 1915 3117 quod
1962 3030 2031 3094 in
2082 3028 2533 3119 Descriptione

487 3140 679 3205 Orbis
715 3155 900 3204 terrae
935 3138 1082 3204 duae
1105 3138 1384 3227 paginae,
1415 3159 1652 3226 nempe
1684 3158 1902 3202 aversa
1932 3134 2144 3225 foliis
2175 3148 2243 3200 et
2272 3134 2535 3199 adversa

487 3245 625 3309 folii
651 3244 727 3333 f
773 3244 837 3308 11
875 3244 1277 3333 transpositae
1321 3260 1385 3308 et
1425 3258 1803 3333 permutatae
1846 3242 2294 3331 reperiuntur,
2330 3241 2417 3305 ita
2460 3256 2537 3304 ut

492 3364 642 3440 post
675 3370 936 3413 versum
976 3354 1166 3437 1047,
1198 3348 1451 3414 omissis
1486 3348 1777 3414 versibus
1818 3346 1899 3413 38
1932 3344 2358 3427 intermediis,
2385 3367 2533 3434 per-

491 3472 682 3547 gatur
707 3477 857 3520 cum
880 3477 1071 3521 versu
1110 3454 1278 3521 1086
1292 3504 1311 3537 ,
1339 3470 1535 3544 atque
1566 3456 1671 3520 isti
1697 3454 1919 3519 omissi
1946 3468 2278 3541 ponantur
2303 3452 2536 3542 pagina

492 3579 831 3653 sequente.
880 3561 1024 3627 Hoc
1071 3562 1304 3627 vitium
1353 3561 1635 3652 respexit
1684 3559 2117 3652 cuspinianus
2139 3606 2158 3641 ,
2206 3582 2415 3648 quum
2466 3560 2533 3624 in

493 3670 765 3760 epistola
795 3666 1066 3734 editioni
1094 3690 1226 3732 suae
1260 3668 1588 3758 praemissa
1616 3668 1739 3749 ait,
1778 3666 2007 3731 Avieni
2042 3694 2071 3723 ι
2095 3688 2263 3755 opus
2298 3663 2380 3731 de
2408 3664 2537 3731 situ

497 3776 672 3842 orbis
695 3776 826 3858 jam
854 3774 1152 3864 pluribus
1183 3776 1370 3838 annis
1403 3796 1539 3838 non
1564 3774 1850 3837 lacerum
1882 3771 2083 3838 modo
2122 3794 2197 3837 ac
2228 3768 2536 3859 deprava-

497 3898 636 3947 tum
655 3932 674 3965 ‚
710 3880 824 3948 sed
856 3880 1121 3972 integris
1153 3902 1418 3971 quoque
1451 3880 1689 3945 chartis
1724 3880 2053 3946 inversum
2084 3876 2313 3944 haberi
2335 3908 2379 3943 ιι.

413 4088 496 4153 11.
535 4088 630 4151 De
667 4086 850 4151 orbis
886 4100 1069 4153 term:
1089 4086 1380 4177 partibus
1409 4084 1573 4151 liber
1604 4086 1833 4153 Avieni
1866 4086 2019 4151 olim
2053 4082 2296 4173 prodiit
2318 4084 2534 4147 Vene-
