2996 4685
510 409 643 506 578
1244 412 1323 477 R.
1378 412 1445 477 F.
1510 412 1866 480 AleNl

1418 594 1718 641 HYDRA.

696 724 998 815 Desuper
1030 720 1283 813 ingenti
1312 744 1453 789 sese
1482 720 1745 815 agmine
1784 722 2070 814 porrigit
2101 722 2354 815 Hydra,

599 830 767 915 Quae
812 828 1063 924 prolata
1108 828 1244 899 salo
1280 826 1473 923 longe
1514 826 1684 897 latus
1725 828 2011 923 explicat
2053 832 2298 919 aethra,

598 942 677 1006 In
717 942 1047 1007 Cancrum
1096 954 1404 1033 protenta
1447 942 1683 1033 caput,
1713 937 2129 1033 caudamque
2164 940 2362 1009 feroci

599 1052 939 1117 Centauro
975 1048 1277 1136 inclinat,
1306 1050 1545 1119 transit
1587 1049 1875 1143 spatiosa
1910 1052 2153 1119 Leonis

596 1161 867 1228 Viscera
890 1214 907 1245 ‚
936 1175 999 1229 et
1036 1161 1285 1255 ingenti
1324 1160 1446 1229 sub
1478 1159 1756 1253 Virgine
1783 1184 2040 1230 summa
2069 1161 2366 1255 quiescit.
2543 1182 2622 1244 ψ

599 1270 981 1355 Quinetiam
1015 1271 1266 1365 spirare
1304 1285 1529 1365 puteS‚
1557 1268 1650 1337 sic
1691 1270 1958 1363 agmina
2000 1270 2157 1339 caelo

596 1379 883 1449 Lubrica
922 1379 1294 1461 convolvit,
1324 1381 1417 1449 sic
1449 1380 1657 1475 spiras
1695 1376 1982 1474 pendula
2020 1396 2288 1475 torquet
2312 1435 2330 1465 ‚

602 1491 713 1558 Sic
756 1506 823 1561 et
859 1490 1269 1587 flammigero
1307 1491 1604 1587 linguam
1632 1488 1795 1583 jacit
1835 1516 1950 1559 ore
1982 1489 2337 1561 trisulcam.

602 1600 949 1693 Spirarum
987 1601 1202 1669 medio
1238 1615 1452 1697 gestat
1490 1604 1766 1673 Cratera
1804 1624 2188 1687 coruscum,

602 1709 859 1779 Ultima
894 1710 1247 1782 caeruleum
1290 1724 1664 1781 sustentant
1705 1710 1968 1803 agmina
2011 1714 2337 1794 Corvum,
2545 1749 2626 1785 900

606 1819 759 1891 Ales
796 1836 871 1888 ut
910 1823 1165 1891 intento
1205 1822 1412 1891 fodiat
1442 1844 1607 1915 vaga
1635 1820 1881 1903 viscera
1917 1834 2150 1888 rostro,
2197 1847 2206 1856 ·

1350 2004 1776 2053 PROCYON.

698 2130 993 2203 Ultimus
1028 2150 1127 2200 est
1161 2136 1500 2229 Procyon,
1533 2131 1970 2201 Geminorum
2003 2129 2303 2201 subditus
2339 2146 2546 2217 astro,

606 2247 744 2310 Ore
782 2242 1034 2313 micans
1068 2239 1306 2327 rutilo,
1335 2242 1510 2324 trina
1541 2240 1681 2308 face
1715 2238 1960 2310 viscera
1991 2235 2233 2309 lucenS.

606 2357 743 2420 Ista
780 2350 1110 2421 volutatos
1144 2365 1510 2432 cernuntur
1551 2364 1790 2418 cuncta
1827 2375 1945 2443 per
1974 2375 2219 2434 annos;

606 2463 761 2528 Haec
791 2459 969 2528 vehit
1000 2463 1305 2536 Oceanus
1347 2475 1533 2556 pater
1567 2458 1824 2543 omnia,
1865 2485 2210 2554 mersaque
2245 2485 2473 2530 rursus
2545 2489 2622 2537 9⁰5

610 2570 885 2642 Hauriet
916 2573 1265 2658 Oceanus3
1296 2569 1503 2640 trahit
1538 2570 1767 2664 ingens
1805 2569 2108 2638 machina
2146 2567 2284 2638 caeli

610 2683 865 2758 Cuncta
903 2703 1123 2774 super.
1164 2681 1473 2787 Pingunt'
1491 2678 1758 2750 rutilam
1796 2704 1912 2747 sua
1949 2678 2160 2751 sidera
2197 2694 2478 2750 noctem.

1370 2865 1771 2914 PLANETAE.

706 2999 1020 3102 Quinque
1044 3007 1269 3076 itidem
1292 3003 1491 3076 stellae
1507 3058 1526 3092 ‚
1551 3001 1780 3072 similis
1803 3001 2042 3096 quibus
2068 3001 2244 3072 haud
2271 3003 2354 3072 sit
2383 3005 2622 3097 imago,

611 3120 753 3186 Nec
788 3141 951 3210 quas
990 3115 1350 3185 formarum
1388 3113 1628 3185 ductus
1666 3126 1851 3180 notet
1885 3111 2290 3198 adfixarum,

610 3229 736 3297 Per
764 3228 1021 3296 bissena
1052 3226 1188 3322 poli
1216 3226 1494 3296 volitant
1533 3223 1870 3294 rutilantia
1905 3225 2112 3319 signa.
2545 3257 2623 3294 ⁹¹0

612 3334 849 3408 Nullus
886 3363 993 3407 eas
1026 3335 1247 3432 aliquo
1282 3351 1477 3432 pacto
1515 3333 1923 3431 deprendere
1956 3350 2198 3405 certet:

588 3570 705 3622 9⁰7·
728 3557 911 3603 Cuncta
928 3570 1087 3620 super.
1108 3554 1333 3619 Pingune.
1347 3548 1523 3621 Vulgo
1578 3546 1710 3607 ,Ed.
1737 3547 1855 3600 Atd.
1881 3551 2079 3610 sinales,
2101 3559 2152 3602 et
2181 3567 2258 3602 vs.
2285 3565 2393 3620 seq.
2421 3553 2513 3601 Ne.
2551 3579 2624 3590 --

520 3631 703 3685 vitione
741 3645 939 3692 cuncta,
976 3633 1337 3698 superpingtmt.
1372 3633 1526 3694 Super
1613 3629 1846 3694 Quinque.
1875 3627 2126 3699 Quinque
2159 3639 2363 3682 tantum
2389 3628 2622 3700 planetas

519 3711 785 3774 πλεονάζει,
812 3723 871 3764 ut
890 3726 1053 3782 supra
1068 3727 1123 3765 v.
1154 3709 1283 3762 118:
1318 3709 1524 3774 «Versa
1610 3707 1886 3772 nominat,
1911 3705 2038 3778 quia
2073 3705 2248 3762 solem
2309 3719 2362 3763 et
2415 3709 2622 3764 Lunam

518 3791 795 3863 Lycaoniis
830 3788 921 3844 sed
956 3800 1276 3862 suspectatur
1306 3788 1358 3840 in
1377 3787 1527 3840 Ursis
1613 3785 1838 3853 omittit,
1877 3785 2070 3858 quibua
2095 3805 2306 3840 cursum
2340 3788 2502 3861 magis
2534 3809 2624 3844 ex·

520 3869 702 3924 Forma
731 3887 885 3941 super
898 3893 935 3920 ..
1613 3875 1790 3926 actum
1817 3863 2164 3937 adsignabant
2186 3867 2420 3922 Veteres.
2447 3869 2550 3922 En.

588 3950 711 4018 908.
759 3951 977 4014 Quinque
1012 3949 1177 3998 itidem
1210 3949 1389 4006 stella,
1426 3955 1529 4000 etc.
1687 3964 1807 4014 91⁰·
1837 3953 1929 3996 Per
1947 3947 2135 4001 bissena
2148 3950 2260 4014 poli
2277 3951 2490 4006 militaus
2503 3951 2624 4000 ruti-

523 4031 602 4084 Ita
630 4031 735 4098 jam
774 4026 918 4080 dedit
945 4026 1241 4092 Mei-euius,
1265 4026 1367 4082 uisi
1387 4024 1531 4096 quod
1619 4029 1774 4078 lancia
1809 4029 1965 4094 signu.
2005 4025 2184 4080 Manil.
2217 4026 2275 4092 Ι,
2311 4029 2439 4096 309:
2477 4053 2498 4074 ι
2523 4029 2624 4080 Per

519 4128 618 4182 pro
661 4111 829 4160 ducem
860 4123 981 4160 cum
1028 4103 1147 4158 edd.
1185 4103 1348 4177 antiq.
1390 4105 1525 4176 legat
1609 4105 1812 4156 bissena
1857 4105 2032 4158 volant
2081 4117 2261 4159 contra
2301 4107 2518 4162 nitentia
2557 4107 2622 4160 si·

522 4191 702 4240 doctus.
732 4185 884 4240 Prius
923 4205 952 4240 a
985 4183 1169 4240 Grotio
1193 4185 1523 4256 meriptum.
1609 4203 1714 4258 gna
1729 4210 1770 4236 »-
1803 4183 1904 4240 Eu.
