2996 4685
481 326 622 424 276

1241 332 1318 396 R.
1372 332 1440 397 F.
1502 330 1617 397 AV
1638 329 1855 398 IENl

577 448 944 519 Dercebios
993 448 1176 517 aliud
1228 450 1503 518 cohibet
1554 448 1725 517 latus
1778 464 1847 517 et
1893 448 2059 516 vada
2104 452 2317 544 tangit
2545 472 2618 521 με

578 562 853 655 Caspia:
897 574 1038 627 tuin
1085 557 1244 627 clari
1287 559 1617 653 pharetris
1652 560 1945 653 agilique
1974 560 2213 654 sagitta

579 674 969 764 Massagetae
1005 671 1188 737 rauci
1225 670 1595 738 succedunt
1635 669 1883 738 flumen
1914 670 2189 739 Araxis:

579 786 841 851 Durum
881 780 965 848 ab
1007 781 1215 874 stirpe
1254 805 1500 874 genua,
1552 780 1827 874 placidae
1864 804 2053 851 mens
2097 781 2313 849 nescia
2352 780 2530 864 vitae,

577 898 903 987 Ignorant
941 890 1125 961 ssavae
1165 888 1429 959 Cereris
1465 892 1905 977 commercia,
1942 890 2183 959 Bacchi

580 1007 859 1095 Semper
909 1002 1278 1093 inexpertes
1324 1001 1616 1069 animam
1672 1016 1929 1069 traxere
1974 1000 2276 1069 ferinam.
2542 1037 2623 1075 ‚20

479 1167 721 1237 nassique
743 1161 862 1234 jugi
889 1161 1116 1232 tegitur·
1132 1201 1145 1213 .
1167 1162 1230 1213 Iu
1250 1160 1507 1233 Dionysio

477 1246 754 1314 Παρνισσοὶο
772 1280 786 1305 ,
815 1253 866 1293 et
892 1240 950 1292 iu
969 1240 1172 1292 Avieno
1195 1243 1511 1307 Parnisse'que

1600 1180 1724 1213 vero
1739 1202 1754 1227 ‚
1770 1161 1815 1213 si
1837 1162 2065 1213 Avienus
2087 1160 2399 1232 Dionysium
2420 1178 2623 1231 expres·

1599 1240 1723 1293 sisse
1762 1252 1997 1312 putatur,
2032 1242 2173 1291 rauci
2204 1237 2485 1311 legendum
2510 1258 2623 1291 esse

476 1325 600 1396 legit
646 1320 930 1377 Salmasius
973 1320 1030 1373 in
1077 1318 1330 1373 Exercitt.
1376 1319 1509 1374 Plin.
1596 1319 1854 1373 existimo.
1901 1320 2033 1371 Nam
2077 1318 2164 1371 ille
2208 1338 2259 1371 v.
2308 1319 2413 1389 739
2465 1318 2624 1371 habet

477 1423 598 1529 pag.
631 1402 747 1465 ⁵54.
777 1402 952 1454 Hans.
977 1432 1048 1441 -—
1081 1400 1202 1453 Post
1231 1397 1510 1452 emendata

1600 1397 1883 1457 κιλάδῦντος
1918 1388 2119 1470 Ᾰρᾶξου.
2156 1398 2224 1450 Et
2260 1418 2463 1449 raucum
2502 1416 2625 1453 cum

499 1502 596 1536 oca
637 1480 915 1554 Dionysii,
957 1478 1138 1531 Avieni
1177 1490 1229 1531 et
1257 1478 1511 1531 Prisciani
1595 1482 1776 1545 glauco
1837 1477 2028 1550 saepius
2086 1490 2449 1550 permutatum
2510 1496 2627 1531 esse

479 1563 648 1636 pergit
659 1561 972 1615 Salmasius:
991 1559 1212 1611 «Baeti-ii
1230 1576 1393 1631 porro
1416 1560 1513 1611 Pa-

476 1640 806 1712 ropanisadis
841 1653 890 1694 et
921 1639 1122 1692 Arienis
1149 1638 1311 1693 vicini
1335 1656 1352 1702 ;
1390 1637 1513 1691 ideo

480 1744 571 1778 eos
589 1722 820 1777 incolere
842 1719 969 1773 dicit
996 1719 1096 1771 sub
1116 1719 1260 1791 jugis
1278 1719 1509 1791 Paropa-

481 1804 640 1867 nissi,
685 1819 844 1875 quem
889 1800 1119 1869 Παρνισὸν
1155 1809 1208 1851 et
1251 1798 1511 1871 Παρνισσὸν

479 1883 725 1957 adpellat,
739 1898 848 1933 non
863 1878 1149 1949 Παρνησσόν.
1166 1876 1300 1931 Nam
1317 1896 1513 1931 nomen

479 1961 611 2016 illud
639 1980 735 2033 per
759 1956 1183 2012 contractionem
1220 1958 1418 2010 factum
1447 1976 1515 2010 ex

481 2040 810 2113 Παροπανισὸς
827 2078 841 2101 ,
879 2053 1042 2109 quem
1077 2046 1127 2089 et
1150 2036 1513 2107 Παροπανισσδν

479 2122 675 2176 dixere.
716 2116 966 2173 Straboni
995 2117 1340 2185 Παροπαμισὸς
1359 2154 1374 2177 ,
1417 2116 1516 2165 Ar·

481 2202 634 2253 riano
655 2194 1006 2267 Παραπαμισὸς
1019 2230 1033 2255 ,
1062 2191 1334 2263 Stephano
1353 2200 1514 2263 Παρο-

479 2278 733 2349 πῳωσὸς,
755 2286 806 2329 et
831 2266 1276 2345 Παροπαμισσάδαι
1293 2297 1334 2321 ιο.
1353 2270 1516 2337 Quod

483 2357 550 2412 ad
590 2375 735 2421 rem,
766 2351 963 2407 Bactrii
1006 2351 1109 2404 sub
1153 2351 1514 2420 Paropamiso.

482 2436 732 2508 Sequitur
743 2431 1012 2486 Eratosth.
1031 2428 1176 2504 apud
1194 2430 1364 2483 strab.
1383 2446 1511 2502 pag.

483 2519 584 2586 782
606 2532 620 2567 :
641 2511 876 2566 Baeti-ios
906 2510 1240 2581 aliquantum
1259 2546 1352 2572 ,...
1377 2527 1516 2580 quo-

483 2613 602 2648 rum
633 2594 804 2664 major
827 2607 950 2662 pars
971 2585 1263 2641 secundum
1287 2587 1517 2660 Paropa-

489 2674 682 2726 misum
727 2671 795 2724 sit
833 2667 1004 2742 posita
1021 2673 1139 2737 ,··τῷ
1179 2674 1514 2740 Παροπαμισῷ

484 2755 820 2824 παρακιίσθαι.
849 2751 1012 2806 sona.
1035 2774 1104 2790 -·-
1126 2747 1274 2800 Nihil
1299 2761 1519 2820 prater-

485 2853 546 2886 ea
577 2829 758 2902 adjicit
791 2827 1012 2885 schrad.
1054 2827 1193 2880 Hinc
1233 2827 1366 2898 quid
1403 2827 1517 2900 ipse

483 2912 552 2965 de
593 2913 697 2964 hoc
737 2910 858 2962 loco
893 2906 1162 2968 statuerit,
1203 2906 1286 2960 vix
1323 2907 1513 2979 liquet.

485 2989 747 3063 Equidem
769 3007 880 3042 non
903 2987 1094 3041 dubito
1113 3027 1126 3050 ‚
1159 2986 1291 3057 quin
1312 2988 1517 3060 Diony-

485 3073 592 3125 sius
611 3068 880 3141 scripserit
902 3083 918 3119 ε
949 3069 1139 3137 κνημοῖς
1161 3065 1253 3118 ὑπὸ
1275 3067 1517 3138 napa-eigs-

485 3171 608 3214 σοιο,
638 3151 869 3202 Avienus
891 3161 1068 3201 autem
1089 3173 1114 3193 σι
1133 3145 1517 3220 Parpamsique

483 3230 596 3307 jugi
625 3230 822 3302 tegitur
843 3247 971 3302 gens
997 3227 1224 3299 rupibus
1243 3227 1334 3281 illa
1358 3255 1398 3279 ι.
1417 3228 1518 3283 Fa-

487 3327 599 3366 teor
627 3323 804 3363 tamen
831 3307 1052 3363 difficile
1079 3326 1190 3361 esse
1223 3307 1520 3379 quidquam

489 3391 590 3445 hac
611 3390 665 3442 in
691 3408 749 3442 re
766 3387 1519 3441 definirewssmm—Par·

487 3474 716 3538 nas-sique
727 3471 846 3538 jugi
870 3469 1004 3521 Ven.
1025 3467 1184 3538 Cusp.
1208 3463 1344 3519 vad.
1376 3467 1516 3519 Pith.

489 3549 737 3602 Pluribus
775 3545 843 3599 de
877 3545 1086 3599 diversa
1131 3543 1359 3598 nominis
1389 3546 1519 3598 scri·

489 3629 671 3700 ptione
689 3626 774 3696 egi
796 3623 865 3676 ad
885 3623 1048 3677 Prisc.
1070 3644 1124 3677 v.
1149 3625 1269 3694 716.

561 3703 688 3773 915.
709 3705 866 3754 Aliud
901 3705 1088 3754 cohibet
1131 3705 1288 3762 lacus,
1329 3719 1521 3774 nempe

493 3783 669 3854 Margi
695 3779 948 3834 fluminis.

566 3879 685 3931 917.
718 3862 898 3910 Glauci
939 3861 1126 3911 Araxis
1163 3859 1357 3912 habent
1387 3859 1513 3914 edd.

493 3934 816 3994 Schrader-us
844 3939 1072 3992 scribere
1101 3939 1364 3992 maluisset
1397 3959 1519 3992 rau-

493 4023 567 4080 ci,
597 4017 745 4092 quod
783 4017 1069 4071 conveniat
1109 4029 1314 4071 natura
1353 4017 1518 4072 fluvii.

487 4097 594 4153 Sed
626 4097 762 4152 nihil
804 4115 962 4151 ausus
1011 4109 1087 4151 est
1138 4107 1363 4151 mutare.
1405 4097 1520 4170 Ego

1602 1556 1746 1629 apud
1774 1558 2025 1610 Nostrum
2042 1598 2057 1623 ‚
2079 1556 2312 1611 vidimus
2338 1557 2406 1611 ad
2434 1576 2483 1612 ν.
2504 1558 2623 1612 385.

1602 1637 1759 1689 -De
1786 1638 2199 1691 commutatione
2222 1638 2415 1691 horum
2439 1638 2629 1692 verbo-

1602 1733 1721 1767 rum
1748 1715 1855 1768 vid.
1882 1728 2021 1769 note
2054 1716 2199 1770 oud.
2230 1717 2285 1769 in
2316 1716 2444 1770 obs.
2466 1718 2625 1770 Misc.

1604 1796 1709 1848 vol.
1735 1798 1805 1860 V,
1836 1809 1872 1849 t.
1899 1796 1945 1860 1,
1964 1815 2085 1869 pag.
2106 1816 2205 1868 793
2234 1810 2286 1850 et
2304 1796 2413 1852 vid.
2440 1798 2622 1851 Burm.

1604 1875 1765 1929 Anth.
1788 1877 1909 1929 Lat.
1944 1888 1985 1928 t.
2012 1877 2040 1928 1
2055 1914 2070 1940 ,
2099 1896 2152 1949 p.
2173 1877 2290 1950 507.
2310 1878 2413 1931 En.

1675 1958 1798 2025 918.
1822 1962 2011 2009 Durum
2032 1960 2096 2008 ab
2114 1961 2262 2027 stirpe
2274 1978 2437 2027 gemas
2457 1977 2488 2012 e
2502 1959 2629 2012 Vir-

1604 2036 1729 2108 gilio
1742 2036 1989 2107 petitum,
2009 2040 2130 2090 AEn.
2153 2038 2252 2103 IX,
2272 2036 2627 2092 603.schrad.

1604 2116 1708 2167 Pro
1754 2136 1889 2168 mens
1933 2120 2101 2169 nescia
2149 2116 2237 2170 alii
2279 2136 2409 2185 gens
2450 2116 2627 2189 prose-

1606 2208 1729 2247 runt
1754 2216 1772 2263 ;
1847 2214 1947 2269 ego
1992 2214 2120 2249 vero
2167 2198 2439 2268 vulgatum
2488 2216 2625 2249 mem

1604 2273 1939 2328 retinendum
1962 2292 2151 2329 censeo
2170 2294 2231 2328 ex
2258 2296 2405 2330 more
2425 2276 2630 2342 Avieni,

1604 2355 1696 2426 qui
1744 2356 1834 2407 ubi
1870 2355 1938 2408 de
1978 2355 2165 2429 populi
2210 2356 2438 2429 alicujus
2480 2375 2631 2410 more

1604 2433 1711 2505 agit
1727 2473 1744 2498 ,
1780 2447 1901 2506 post
1951 2437 2282 2490 nominatum
2330 2437 2591 2509 populum
2612 2476 2629 2501 ,

1606 2513 1796 2584 vulgus
1817 2551 1833 2577 ,
1872 2527 2079 2586 gentem
2117 2515 2384 2588 sigillatim
2419 2530 2629 2567 mentem

1604 2609 1805 2663 ponere
1822 2594 1969 2647 solet.
1987 2594 2073 2648 Sic
2096 2597 2253 2667 plane
2273 2613 2389 2668 sup.
2418 2613 2468 2648 v.
2493 2595 2623 2663 549:

1609 2696 1633 2716 ι
1660 2683 1718 2724 ut
1740 2673 1885 2746 vulgi
1906 2673 2067 2727 corda
2084 2675 2263 2745 fatiget
2284 2673 2407 2728 sors
2426 2693 2629 2738 rerum,

1606 2761 1657 2803 et
1682 2763 1915 2805 mentem
1942 2764 2075 2806 terat
2103 2755 2440 2810 inclementia
2468 2755 2562 2808 fati
2585 2781 2632 2820 a,

1608 2832 1698 2884 ubi
1718 2832 1988 2904 vulgatum
2005 2850 2201 2903 gentem
2216 2833 2394 2888 delere
2408 2875 2424 2902 ,
2438 2845 2489 2888 et
2502 2853 2633 2886 men-

1604 2925 1700 2963 tem
1724 2929 1984 2982 reponere
2016 2915 2285 2986 jusserunt
2320 2913 2447 2966 boni
2471 2913 2633 2966 inter·

1606 3002 1794 3062 pretes.
1823 3021 1893 3030 --—
1912 2995 2129 3043 Placidoe
2146 3011 2283 3044 mens
2306 2993 2472 3044 nescia
2492 2996 2632 3045 vitoe.

1608 3068 1843 3123 Withof.
1874 3081 1927 3122 et
1974 3069 2113 3142 Higt.
2158 3090 2308 3140 gens.
2344 3070 2635 3143 Displicere

1608 3147 1770 3220 possit
1795 3147 1984 3201 eodem
2017 3169 2175 3204 versu
2202 3170 2366 3220 gemes
2393 3163 2445 3203 et
2464 3171 2594 3221 gens
2613 3171 2633 3202 .·

1606 3227 1699 3281 scd
1728 3229 1904 3281 favere
1926 3230 2165 3282 nonnihil
2191 3229 2388 3284 dixeris
2411 3251 2461 3284 v.
2494 3232 2629 3284 866:

1612 3333 1633 3353 -
1658 3307 1894 3362 Cercetia
1924 3327 2053 3381 gens
2082 3323 2157 3363 est
2172 3352 2188 3378 ,
2213 3313 2387 3382 Atque
2414 3311 2636 3364 Toreta-

1608 3402 1727 3439 rum
1746 3400 1966 3459 propter
1983 3407 2147 3461 genus
2171 3409 2224 3454 »3
2246 3391 2337 3442 ubi
2368 3401 2543 3443 tamen
2566 3387 2636 3442 de

1608 3465 1829 3520 diversis
1852 3468 2070 3539 populis
2084 3467 2251 3522 Scan.

1680 3561 1800 3613 9²⁰·
1819 3552 2015 3616 Semper·
2033 3550 2329 3618 inexpertes.
2352 3549 2464 3602 Hoc
2483 3567 2638 3602 voca-

1608 3625 1793 3677 bulum
1836 3625 2022 3680 lexicis
2062 3627 2338 3699 ignotum,
2369 3640 2426 3681 ut
2458 3642 2641 3681 monet

1607 3703 1757 3756 Schr.
1786 3705 2009 3758 recurrit
2026 3725 2075 3759 v.
2102 3709 2253 3776 1389.
2280 3713 2380 3762 Pro
2415 3711 2637 3759 arannem

1607 3797 1810 3836 traxere
1883 3785 1973 3840 alii
2040 3791 2260 3840 unitatem
2346 3800 2399 3844 et
2462 3791 2635 3840 τήεαη.

1608 3863 1719 3936 Ego
1758 3863 1892 3918 nihil
1918 3877 2103 3919 muto:
2131 3871 2321 3920 animus
2352 3867 2517 3939 magis
2549 3885 2641 3938 ge-

1608 3943 1815 3996 nerosis
1858 3943 2162 3999 hominibus
2199 3948 2283 4000 vel
2318 3945 2639 3999 animalibus

1608 4022 1766 4075 tribui
1796 4023 1960 4090 solet,
1980 4027 2163 4076 anima·
2187 4026 2275 4078 vili
2304 4037 2637 4098 contempto-

1607 4119 1713 4171 que
1740 4101 1949 4172 generi,
1976 4101 2132 4174 quale
2160 4120 2233 4156 est
2260 4103 2365 4158 hoc
2391 4105 2511 4158 loco
2547 4103 2639 4157 de·
