2996 4685
812 337 1216 428 ARATEA'
1256 359 1941 431 PHAENOMENA.

2306 355 2439 455 537

405 483 493 550 Et
536 477 744 548 fultus
779 503 919 549 sese
953 481 1294 574 geminum
1335 480 1543 565 latuS‚
1575 507 1753 552 unus
1794 496 1861 551 et
1895 481 2069 552 idem
2108 495 2207 552 est

411 597 617 660 Actor
649 591 1064 686 agendorum
1086 645 1106 679 ,
1133 592 1527 688 propriique
1566 607 1866 687 patrator
1897 592 2185 678 amoris,

405 703 490 770 Et
527 701 764 772 mundi
792 712 943 771 ve're
980 718 1208 797 pastor
1244 727 1450 774 sacer.
1486 704 1615 773 Hic
1650 703 1853 774 chaos
1889 701 2100 774 altum

403 813 692 882 Lumine
735 813 1139 908 perrumpit3
1177 814 1607 884 tenebrarum
1648 813 1761 883 hic
1798 812 2061 884 vincula
2099 814 2353 910 primus

405 922 646 1008 Solvit,
679 936 746 991 et
789 923 932 1017 ipse
974 948 1216 1017 parens
1251 949 1478 994 rerum
1515 923 1848 995 fluitantia
1887 923 2057 994 fixit.

404 1034 533 1102 Hic
569 1033 864 1129 dispersa
901 1032 1064 1104 locis
1105 1036 1342 1104 statuit
1376 1034 1749 1130 primordia
1774 1032 1995 1128 justis,

404 1143 531 1212 Hic
568 1142 972 1238 digestorum
1012 1144 1304 1239 speciem
1344 1144 1567 1232 dedit3
1608 1146 1731 1214 iste
1766 1143 2057 1215 colorem
2374 1167 2450 1208 ἰς

403 1254 734 1349 Imposuit
769 1255 1000 1340 rebus,
1037 1279 1330 1350 sexuque
1375 1254 1721 1324 immixtus
1756 1271 2079 1352 utroque,

407 1366 630 1458 Atque
656 1365 780 1433 aevi
814 1366 1069 1458 pariter
1105 1366 1394 1460 gemini,
1425 1363 1625 1436 simul
1661 1367 1889 1436 omnia
1927 1365 2221 1436 lustrans
2298 1447 2305 1456 .

406 1473 672 1545 Sufficit
705 1475 964 1546 alterno
1007 1502 1110 1546 res
1149 1478 1420 1548 semine.
1459 1483 1715 1567 Rerum
1747 1477 1971 1572 opifex
2014 1477 2163 1561 hie,

406 1587 534 1655 Hic
568 1585 742 1656 altor
774 1611 1038 1675 rerum,
1066 1613 1183 1658 rex
1223 1589 1496 1676 mundi,
1522 1589 1697 1663 celsa
1733 1603 2025 1683 potestas

405 1697 697 1768 AEtheris
731 1713 932 1793 atque
975 1699 1218 1786 Erebi3
1249 1700 1480 1794 rapida
1520 1699 1869 1770 inclinatio
1908 1696 2095 1783 caeli3
2400 1719 2450 1758 ³0

406 1807 907 1878 Insociabilium
946 1809 1259 1880 discretio
1295 1811 1473 1905 justa
1514 1813 1858 1898 Deorum;
2174 1837 2217 1890 ,ι

405 1917 620 2010 Cujus
653 1932 721 1987 et
756 1934 1130 1990 extremum
1164 1917 1360 1990 tellus
1392 1947 1603 2016 opus;
1640 1923 1835 2016 ignea
1872 1919 2063 2016 cujus

405 2030 700 2099 Lumina
743 2045 904 2100 sunt
938 2029 1106 2118 late,
1138 2029 1272 2120 sol,
1299 2047 1365 2102 et
1401 2059 1623 2122 soror3
1651 2032 1766 2103 ille
1800 2032 1929 2102 diei

303 2239 370 2285 Et
391 2237 560 2300 fideus
589 2253 698 2286 sese
727 2236 980 2302 geminum
1024 2239 1182 2302 latus,
1207 2255 1334 2287 unus

303 2327 352 2367 ee
367 2317 497 2367 idem
518 2327 590 2366 est
610 2319 762 2367 Actor
776 2318 1098 2384 agendorum.
1122 2315 1330 2388 Vulgo:

303 2402 498 2447 Auctor
514 2399 822 2464 agendorum
838 2416 858 2456 ;
885 2394 1030 2466 quod
1060 2396 1182 2449 lloet
1207 2397 1336 2450 fari

306 2476 526 2549 quidem
560 2478 756 2549 possit,
780 2478 969 2531 melius
995 2490 1174 2531 tamen
1210 2497 1336 2533 cum

304 2554 494 2609 Grotio
543 2557 682 2627 leges
713 2576 730 2609 ε
778 2564 932 2609 Actor
985 2563 1292 2626 agendorum
1313 2597 1331 2620 ,

304 2634 522 2707 πρακτὴς
548 2636 678 2703 (non
705 2646 765 2687 ut
793 2636 848 2689 in
869 2636 1043 2689 Grotii
1075 2638 1213 2689 notis
1238 2638 1335 2689 im-

303 2732 549 2786 pressum
585 2715 838 2785 πραχτὴρ)
875 2720 972 2766 τῶν
1002 2713 1338 2786 ›apage-neon&

305 2814 414 2847 νων.
455 2793 653 2847 Sensus
694 2805 818 2846 est:
862 2794 970 2847 Iste
1004 2793 1240 2867 primum
1285 2807 1338 2849 et

305 2891 642 2946 supremum,
661 2892 788 2946 ergo
813 2872 922 2927 duo
950 2886 1184 2927 extrema
1207 2876 1339 2943 (pets

304 2946 489 3007 ntia-tus
503 2958 744 3025 um'mque
751 2994 768 3017 ‚
777 2956 944 3025 fideus
963 2975 1072 3007 sese
1087 2956 1337 3025 gemae'num

305 3037 456 3103 laem)
508 3052 614 3091 uua
665 3033 1152 3107 comprehendens,
1196 3053 1336 3087 unus

303 3127 485 3168 tamen
510 3126 566 3168 et
607 3113 752 3169 idem
791 3128 870 3169 est
915 3128 1067 3169 actor
1099 3114 1337 3187 agendo·

303 3212 446 3247 rum.

349 3276 360 3288 ⁸
383 3293 476 3340 21,
509 3292 594 3327 υ.
626 3277 718 3325 Ηίσ
751 3278 904 3327 cbaos
941 3279 1096 3327 aluam
1133 3277 1338 3329 Lumine

298 3356 582 3421 pcnwnpit.
605 3352 919 3425 Legendum
933 3356 1181 3421 perrupit,-
1209 3372 1338 3407 nam

307 3442 606 3503 sequuntur
641 3434 806 3492 solvit,
829 3434 986 3503 fixit,
1031 3436 1195 3493 dedit,
1233 3444 1337 3486 etc.

306 3510 514 3564 Verum
555 3515 828 3581 perrumpit
881 3523 960 3565 est
1010 3512 1338 3585 praeteritum

307 3591 572 3663 ἀρχαῖκὸν,
611 3604 663 3643 et
699 3591 934 3645 adfectat
975 3591 1337 3646 archaismum

307 3671 558 3724 Avienus.
591 3672 796 3744 Saepius
833 3672 1067 3725 occurrit
1101 3660 1338 3741 rumpuim

307 3769 411 3823 pro
436 3766 644 3819 ruptum.

383 3836 470 3894 24.
499 3834 590 3881 Hic
629 3834 849 3900 dispersa
881 3834 1002 3883 Iocis
1039 3834 1216 3883 statuit
1239 3835 1340 3901 pri-

309 3912 502 3960 mordia
517 3914 688 3979 justis.
717 3911 914 3963 Sensus
941 3922 1018 3963 est
1042 3928 1056 3962 :
1083 3910 1340 3964 Nondum

309 3986 526 4041 definita
557 4003 609 4041 et
637 3988 702 4041 ad
733 3988 975 4042 ordinem
1011 4002 1064 4042 et
1091 3988 1233 4061 leges
1260 4010 1340 4044 re·

311 4078 496 4119 vocata
545 4079 696 4119 erant
735 4086 914 4121 rerum
952 4068 1243 4140 primordia
1294 4083 1347 4124 et

309 4145 712 4201 vicissitudines.
741 4147 901 4201 ovid.
940 4149 1152 4203 Metam.
1181 4150 1207 4201 1
1227 4191 1242 4215 ‚
1268 4170 1342 4203 vs.

1427 2243 1492 2300 ²4
1516 2255 1532 2289 ε
1558 2262 1584 2282 ιι
1602 2237 1737 2302 Quo
1764 2249 2051 2309 postquam
2090 2236 2318 2298 evolvit,
2356 2252 2454 2288 σε·

1422 2335 1596 2391 coque
1649 2314 1843 2372 exemit
1892 2333 2087 2369 acervo
2104 2353 2121 2379 ,
2164 2312 2451 2369 Dissociata

1420 2400 1551 2453 locis
1578 2397 1834 2453 concordi
1858 2415 1989 2469 pace
2013 2395 2194 2469 ligavit
2207 2422 2250 2448 a.

1497 2483 1583 2532 26.
1610 2484 1843 2547 Sea-uque
1868 2478 2120 2530 itnmiaents
2146 2489 2352 2543 nemque
2368 2480 2457 2527 At-

1425 2580 1521 2629 que
1538 2561 1834 2629 oevipan‘tev'·
1844 2560 2055 2627 gemini.
2078 2556 2269 2609 AEther
2292 2554 2455 2607 vitam

1423 2638 1582 2691 simul
1610 2637 1717 2709 agit
1749 2638 1911 2691 maris
1934 2649 1989 2690 et
2018 2636 2227 2689 femine
2244 2676 2261 2701 ,
2284 2652 2455 2706 quum

1423 2716 1741 2789 principium
1770 2716 1838 2768 sit
1865 2717 1987 2768 vitae
2016 2716 2255 2767 omnino,

1500 2795 1583 2847 3ο.
1610 2798 1805 2864 sapida
1842 2798 2101 2847 inclinatio
2140 2796 2343 2855 Mundi,
2388 2811 2456 2846 ex

1426 2872 1797 2928 emendatione
1840 2874 2029 2927 Grotii.
2070 2873 2217 2927 Infra
2257 2891 2311 2925 ν.
2356 2873 2455 2928 85:

1427 2952 1631 3005 «trahit
1650 2952 1930 3005 inclinatio
1948 2953 2135 3007 caelum
2148 2978 2175 2997 a»
2194 2973 2211 3019 ;
2230 2964 2283 3005 et
2297 2951 2421 3005 alibi
2441 2968 2457 3004 τ

1426 3058 1450 3080 ι
1474 3045 1611 3085 tex-es
1649 3032 1916 3085 inclinatio
1955 3030 2143 3084 mundi
2166 3057 2208 3084 n.
2240 3030 2455 3102 Vulgo:

1425 3113 1541 3167 sine
1560 3130 1715 3165 sensu
1732 3132 1745 3164 :
1762 3112 1951 3183 «pigra
1968 3110 2247 3164 inclinatio
2266 3110 2397 3163 nodi
2408 3138 2455 3163 a.

1427 3194 1599 3247 Aliam
1619 3194 1847 3265 vulgato
1871 3192 2112 3248 lectionis
2133 3190 2459 3245 emendatio·

1429 3294 1553 3328 nem
1586 3274 1865 3346 proposuit
1904 3273 2065 3343 Casp.
2104 3270 2287 3325 Barth.
2322 3270 2458 3323 Λᾶν.

1425 3354 1669 3407 xxxvl
1687 3394 1702 3419 ,
1756 3374 1785 3407 a
1814 3371 1829 3407 ε
1886 3380 1911 3399 ι
1930 3350 2147 3423 bigrada
2188 3350 2460 3403 inclinatio

1427 3432 1559 3487 nodi
1572 3460 1613 3483 »-
1629 3437 1825 3487 Nodum
1847 3432 2230 3502 interpretatur
2248 3429 2461 3483 fatalem

1427 3514 1794 3567 necessitatem
1818 3510 2088 3564 insolubili
2103 3511 2248 3563 velut
2273 3520 2461 3563 catena

1429 3594 1609 3645 omnia
1676 3592 2051 3645 continentem.
2108 3592 2241 3645 Haec
2291 3609 2458 3662 quum

1411 3673 1601 3741 frangi
1624 3690 1731 3725 non
1750 3671 1938 3746 possit,
1954 3670 2163 3725 duobus
2190 3669 2361 3724 modis
2386 3674 2463 3723 in-

1428 3755 1609 3803 clinari
1621 3751 1841 3814 dicitur,
1857 3764 1916 3805 ut
1930 3763 2047 3806 orta
2064 3752 2274 3817 obeant,
2292 3751 2465 3804 orian-

1430 3844 1519 3885 tur
1540 3830 1811 3885 defuncta.
1844 3832 1965 3885 Non
1992 3830 2282 3885 adsentior.

1508 3912 1596 3965 33.
1624 3918 1789 3983 Ignea
1810 3916 1947 3981 cujus
1964 3916 2173 3965 Lumina
2192 3924 2311 3963 sunt
2336 3916 2459 3971 late,

1432 3997 1535 4053 sol,
1584 4008 1635 4044 et
1666 4014 1822 4047 soror.
1864 3994 2017 4045 Putat
2058 3992 2277 4045 Grotius
2294 4030 2309 4053 ‚
2352 3988 2467 4043 haec

1433 4072 1503 4123 ab
1528 4072 1729 4125 Avieno
1751 4071 2031 4145 desumpta
2061 4092 2175 4125 esse
2198 4090 2257 4125 ex
2284 4070 2466 4131 Mose,

1436 4150 1629 4204 Genes.
1655 4154 1682 4205 1
1707 4172 1719 4206 ε
1758 4179 1783 4198 -
1810 4153 2060 4223 Fecitque
2086 4154 2231 4203 Deus
2256 4148 2363 4202 duo
2384 4149 2466 4201 lu·
