2996 4685
503 392 638 463 338

1259 392 1340 459 R.
1395 394 1466 457 F.
1526 392 1873 459 AVIENI

597 517 679 582 Et
725 512 1114 607 splendente
1149 510 1380 605 procui
1418 509 1677 606 beryllo
1716 512 1878 579 ferta
1919 510 2194 579 renidet.
2530 534 2631 571 ..οε

599 626 724 693 Hic
770 639 990 691 tamen
1035 622 1315 691 internis
1352 622 1736 715 Ophietidis
1766 622 1937 690 areis
1970 622 2037 687 in
2072 621 2249 689 arvis

501 828 623 879 thal.
653 826 786 877 Hon.
805 843 880 877 vs.
905 826 1005 886 88,
1033 824 1193 877 habet
1233 829 1392 893 surgit
1425 843 1523 897 pro

503 920 711 961 vernat.
739 904 1002 955 memoriae
1022 902 1176 961 vitio,
1201 922 1268 955 an
1293 922 1321 955 e
1343 902 1528 955 codice

509 984 893 1045 Ambrosian0‚
921 1000 1082 1053 quem
1107 981 1292 1036 laudat
1311 1021 1328 1046 ‚
1355 984 1528 1035 incer-

507 1079 636 1118 tum.
673 1065 744 1114 At
777 1063 888 1114 sine
918 1062 1084 1114 dubio
1113 1062 1272 1115 male.
1313 1062 1387 1115 Ut
1427 1062 1529 1113 fre-

503 1154 727 1216 quenter
759 1152 922 1212 poetae
953 1160 1168 1192 vernare
1199 1142 1420 1200 humum,
1444 1158 1530 1190 ar-

506 1228 671 1281 bores,
696 1232 796 1272 etc.
822 1218 1008 1272 dicunt
1026 1256 1042 1282 ,
1067 1220 1142 1272 sic
1165 1220 1323 1271 etiam
1343 1219 1531 1274 Avien.

505 1322 560 1357 v.
588 1301 716 1353 1331
737 1316 752 1351 ε
775 1322 798 1345 ι
815 1300 882 1351 Et
900 1310 1084 1352 vernat
1099 1316 1376 1350 nemorum
1397 1316 1529 1351 sem·

511 1399 604 1454 per
629 1397 778 1433 coma
797 1403 838 1431 ι.
851 1378 1107 1431 Ounmm.
1125 1377 1178 1429 in
1197 1377 1350 1429 Obss.
1377 1377 1528 1430 Misc.

511 1459 694 1524 vol.V,
718 1470 754 1510 t.
779 1457 835 1508 11
853 1494 870 1520 ,
895 1475 1009 1527 ¹7¹-
1047 1460 1213 1507 fluctu
1247 1460 1529 1522 palmarum

510 1538 670 1591 Poeta
717 1536 924 1609 copiam
965 1546 1016 1587 et
1045 1534 1308 1586 luxuriam
1346 1552 1530 1586 earum

511 1617 788 1688 designare
806 1615 920 1667 vult
932 1654 948 1679 ,
964 1612 1085 1685 quia
1103 1612 1382 1665 confertim
1405 1612 1530 1665 den-

507 1714 666 1767 seque
701 1694 940 1760 consito,
969 1693 1062 1745 ubi
1087 1710 1218 1745 aura
1245 1702 1530 1745 moventur

507 1793 736 1848 superne
753 1773 911 1827 ramis
929 1771 1214 1825 fluentibus
1235 1809 1252 1835 ,
1267 1770 1531 1823 fluctuan-

502 1858 572 1909 tis
601 1852 772 1907 undae
815 1850 1046 1923 speci-em
1085 1850 1326 1903 referunt
1345 1889 1360 1914 ‚
1387 1864 1526 1921 quo-

509 1934 671 1989 modo
707 1936 900 1985 undare
913 1933 1184 2001 ‚fluctuare
1221 1948 1362 1998 seges
1401 1926 1530 1980 dici.

504 2029 612 2078 tur,
647 2015 834 2067 Senec.
875 2010 1035 2063 Herc.
1063 2030 1113 2064 v.
1136 2012 1274 2078 699,
1293 2018 1356 2061 ct·
1384 2012 1527 2060 tellus

503 2114 602 2147 oere
627 2093 871 2145 renidenti
889 2092 1173 2159 fluctuare,
1203 2106 1324 2159 quae
1363 2088 1527 2140 armis

505 2173 738 2243 virisque
808 2170 1003 2240 passim
1081 2186 1136 2219 se
1193 2167 1528 2220 moventibus

507 2250 722 2321 impleta
741 2260 845 2307 est,
869 2246 1061 2317 Vix-gil.
1077 2245 1273 2314 Georg.
1292 2245 1378 2308 11,
1403 2246 1528 2307 281,

508 2329 601 2382 ubi
628 2325 738 2382 vid.
781 2325 1034 2399 Heynius.
1063 2326 1322 2378 Caeterum
1359 2324 1493 2377 ratio
1510 2361 1527 2387 ,

511 2427 607 2461 cur
629 2426 729 2477 pro
753 2407 989 2458 ubertate
1015 2415 1166 2457 terrae
1192 2403 1528 2476 Babylonicae

509 2483 922 2540 demonstranda
963 2482 1262 2554 palmarum
1304 2483 1529 2535 maxime

507 2565 706 2618 mentio
737 2564 863 2626 fiat,
896 2582 926 2616 e
959 2562 1222 2617 Strabone
1245 2571 1420 2632 potest
1449 2562 1529 2614 in·

507 2644 666 2715 teiligi
681 2682 696 2708 ,
715 2643 810 2713 qui
833 2642 970 2696 libro
997 2641 1126 2694 xvl
1149 2678 1166 2700 .
1189 2659 1241 2712 p.
1274 2643 1406 2711 1078
1429 2659 1533 2693 me·

509 2733 701 2782 morat,
725 2721 1024 2793 palmarum
1051 2720 1258 2791 copiam·
1283 2719 1530 2773 maximas

507 2801 716 2856 divitias
757 2800 1052 2853 incolarum
1091 2809 1234 2853 esse!
1254 2817 1316 2852 ex
1343 2799 1408 2852 iis
1433 2817 1531 2870 pa-

509 2899 633 2934 nem
675 2891 728 2933 et
755 2880 938 2932 vinum
957 2915 974 2940 ,
1003 2889 1056 2930 et
1092 2890 1303 2932 acetum
1335 2889 1388 2931 et
1425 2877 1532 2930 mel

507 2971 560 3012 et
601 2958 823 3013 farinam
863 2957 1004 3019 fieri,
1024 2967 1077 3008 et
1109 2956 1298 3010 textilia
1340 2956 1485 3008 varia
1510 2973 1525 3007 ε

507 3037 713 3094 nucleis
749 3055 850 3108 pro
883 3035 1200 3089 carbonibus
1223 3035 1403 3088 fabros
1427 3035 1529 3088 fer-

503 3117 670 3172 rarios
697 3115 799 3179 uti3
821 3114 1035 3168 eosdem
1063 3113 1117 3164 in
1143 3131 1280 3184 aqua
1306 3132 1530 3168 macera-

506 3211 587 3250 tos
633 3196 805 3248 bobus
849 3206 902 3246 et
940 3193 1128 3245 ovibus
1169 3192 1226 3245 in
1269 3193 1527 3264 pabulum

505 3275 638 3330 dari.
658 3275 1024 3329 W.—Procer.
1033 3276 1199 3344 fluctu
1220 3287 1432 3324 vernae.-
1451 3271 1527 3324 sic

509 3373 692 3410 omnes
712 3352 942 3423 antique
961 3349 1084 3403 edd.
1103 3349 1195 3404 sed
1217 3351 1432 3404 Camers
1456 3349 1527 3402 ad

507 3435 668 3488 Prisc.
690 3433 817 3501 939,
843 3443 894 3484 et
911 3442 1094 3502 postea
1113 3428 1525 3498 Hudsonussni-

509 3527 589 3566 eeu
625 3519 995 3581 reposuerunt.
1033 3506 1138 3562 Sed
1154 3511 1318 3578 fluctu
1350 3506 1527 3560 valide

505 3588 834 3644 tueturOud.
853 3590 1018 3660 cujus.
1029 3587 1129 3640 loc.
1143 3605 1304 3659 supra
1319 3585 1532 3640 adduci-

509 3685 648 3722 mus.
685 3668 790 3719 Pro
819 3685 920 3719 usu
947 3669 1060 3738 ejus
1085 3666 1332 3720 vocabuli
1367 3666 1533 3738 inpri-

505 3748 607 3800 tuis
654 3756 852 3816 pugnat
901 3745 1260 3809 Claudianus,
1317 3746 1438 3798 iicet
1481 3745 1532 3798 ei

508 3823 736 3878 subinde
779 3823 1018 3886 librarii,
1057 3838 1116 3877 ut
1163 3823 1253 3877 hic
1295 3825 1530 3886 Ανίοιιο,

510 3903 730 3958 verbum
765 3901 1004 3956 usitatius
1020 3905 1192 3970 fructu
1219 3905 1534 3958 substituere

507 3981 810 4053 sategerint.
837 3985 900 4035 In
921 3979 1202 4034 Claudian.
1222 3983 1344 4037 loco
1371 4001 1533 4055 supra

507 4062 666 4114 citato
683 4097 698 4122 ,
729 4059 974 4112 Heinsius
1003 4077 1034 4111 e
1054 4059 1428 4133 manuscriptis
1446 4080 1532 4114 res-

509 4139 675 4194 stituit
691 4157 706 4191 τ
721 4141 1118 4209 glauca-fluctus
1146 4143 1342 4192 adtollit
1367 4145 1523 4201 olim,

1617 823 1705 877 ubi
1730 824 1941 895 vulgata
1951 825 2166 892 [ηοω-ς.
2206 821 2348 875 lund
2378 841 2505 876 vero
2548 824 2637 875 fir-

1615 916 1789 956 matur
1806 902 2039 975 ejusdem
2062 902 2168 955 alio
2188 900 2307 955 loco
2331 900 2493 973 Epist.
2519 924 2545 955 :i
2566 902 2635 955 ad

1614 984 1723 1037 Ser.
1744 1002 1797 1037 v.
1819 990 1885 1046 4ο
1904 1002 1917 1036 ε
1938 1008 1965 1028 α
1980 983 2221 1035 Fluctuet
2238 995 2291 1034 et
2312 983 2501 1051 glauca
2522 983 2639 1053 pin·

1615 1064 1731 1134 guis
1746 1062 1887 1115 oliva
1904 1080 2053 1115 coma
2070 1086 2115 1113 ι.
2135 1059 2287 1113 Idem
2306 1060 2467 1113 Cons.
2488 1060 2633 1113 Man.

1616 1162 1664 1194 v.
1692 1142 1759 1194 63
1784 1162 1797 1195 :
1827 1168 1853 1187 α
1874 1140 2085 1213 Ingenii
2133 1139 2359 1192 redeunt
2406 1139 2597 1191 fluctus
2618 1178 2635 1202 ,

1616 1221 1811 1292 aliique
1838 1221 2045 1273 labores
2061 1244 2082 1266 ι
2104 1259 2119 1284 ,
2142 1218 2236 1271 ubi
2260 1230 2311 1271 et
2338 1218 2429 1270 alii
2454 1219 2641 1289 legunt

1598 1303 1831 1369 finctus,
1860 1299 1952 1353 sed
1978 1299 2225 1352 Heinsius
2254 1316 2318 1351 ex
2352 1309 2477 1351 octo
2508 1298 2639 1351 MSS

1600 1384 1791 1451 fluetus
1817 1379 2049 1433 reduxit.
2085 1378 2255 1449 Igitur
2286 1378 2597 1431 auctoritate
2622 1418 2639 1439 ‚

1616 1478 1735 1531 quae
1786 1460 2018 1513 maxima
2069 1477 2182 1511 esse
2232 1456 2389 1510 debet
2406 1494 2422 1520 ‚
2478 1458 2637 1509 coaevi

1618 1550 1785 1609 poetae
1810 1543 1999 1610 fluctus
2040 1538 2199 1591 etiam
2235 1537 2440 1590 Avieno
2480 1535 2639 1589 mliu-

1616 1636 1870 1690 quamus‚
1902 1618 1987 1670 cui
2031 1628 2280 1689 praterea
2318 1614 2462 1668 favet
2500 1614 2638 1686 adje-

1589 1763 1596 1775 ι
1617 1707 1763 1749 ctum
1785 1697 2007 1751 verbum
2024 1711 2222 1748 vernat.
2257 1696 2392 1748 Nam
2420 1712 2641 1747 vernare

1616 1777 1856 1846 gramina
1888 1788 1941 1829 et
1972 1777 2185 1828 arbores
2208 1773 2519 1837 frondibus,
2540 1773 2640 1824 flo-

1615 1856 1763 1909 ribus
1804 1855 2079 1918 dicuntur,
2117 1873 2225 1908 nou
2270 1854 2547 1907 fructibus.

1696 1935 1848 1989 1205.
1878 1940 2075 2002 Beryllo
2099 1936 2245 2004 ferta
2289 1938 2477 1985 renidet
2496 1935 2637 1986 Ven.

1616 2016 1783 2088 Cusp.
1810 2014 1947 2067 Pith.
1968 2029 2099 2067 terra
2122 2016 2313 2066 renidet
2330 2014 2545 2065 Camers
2570 2011 2641 2065 ad

1618 2096 1782 2149 Prisc.
1812 2094 1915 2163 939
1942 2112 1956 2147 ε
1992 2094 2141 2161 farta
2170 2090 2315 2146 dedit
2340 2090 2475 2144 vad.
2496 2094 2642 2161 fulta

1617 2180 1808 2228 renidet
1834 2174 1959 2247 legit
1984 2172 2206 2227 Oddius.
2242 2170 2348 2225 Sed
2376 2185 2507 2222 terra
2536 2172 2643 2224 Ca·

1618 2251 1797 2308 mertis
1840 2256 1949 2307 fere
1993 2253 2160 2305 otiosa
2207 2263 2317 2317 est,
2364 2250 2488 2320 quia
2524 2252 2639 2322 jam

1616 2334 1871 2406 praecessit
1896 2336 2053 2385 tellus.
2076 2330 2305 2402 Reliquae
2324 2329 2645 2383 emendatio·

1618 2433 1709 2467 nee
1744 2433 1853 2466 non
1888 2411 2055 2483 magis
2090 2411 2313 2482 placent.
2342 2411 2643 2463 Teneamus

1616 2491 1778 2564 igitui-
1802 2491 2077 2562 antiquum
2088 2493 2256 2559 ser-ta,
2286 2489 2407 2543 licet
2436 2489 2641 2542 rarius:

1617 2571 1719 2624 nisi
1744 2573 1863 2644 quis
1897 2569 2046 2624 malit
2084 2573 2267 2636 beryllo
2300 2573 2485 2620 inser-m
2512 2569 2643 2621 scri·

1617 2649 1772 2716 bere,
1800 2651 1925 2722 quia
1952 2650 2185 2722 beryllus
2219 2649 2351 2720 lapis
2389 2649 2645 2702 marmori

1616 2721 1853 2783 in'clusus
1886 2731 1970 2783 vel
2006 2731 2234 2784 insertus
2268 2729 2464 2782 dicitur
2490 2729 2641 2781 inve—

1618 2809 1742 2862 uiri.
1776 2815 1891 2861 Feta
1924 2809 2103 2863 Heius.
2134 2808 2189 2859 in
2228 2806 2418 2862 Claud.
2458 2826 2505 2879 p.
2538 2811 2641 2875 22'9

1616 2899 1727 2942 hon
1756 2890 1945 2962 inepte.
1980 2921 2050 2930 —-
2079 2886 2185 2941 Sed
2213 2889 2344 2959 lapis
2381 2888 2476 2940 iste
2500 2888 2643 2940 infra

1618 2989 1696 3022 vs.
1736 2970 1867 3024 1310
1902 2970 1973 3022 ab
2006 2968 2212 3022 Avieno
2250 2967 2447 3020 dieitur
2482 2985 2646 3020 exun-

1618 3048 1767 3102 danti
1788 3047 2006 3101 ssumine
2034 3049 2173 3100 inter
2198 3065 2387 3100 arenas
2421 3046 2645 3112 deferri,

1616 3139 1669 3180 et
1704 3129 1807 3182 hoc
1844 3128 2125 3181 confirmat
2160 3139 2347 3180 auctor
2386 3127 2533 3198 Eieg.
2570 3125 2643 3178 de

1617 3208 1769 3261 obitu
1806 3207 2110 3260 Maecenatis
2129 3247 2143 3271 ,
2172 3225 2248 3258 vs.
2274 3221 2369 3273 19,
2400 3205 2491 3257 ubi
2521 3202 2643 3258 vide

1614 3285 1866 3340 adnotata
1883 3326 1900 3352 ,
1920 3285 2039 3358 huj.
2061 3285 2238 3357 operis
2264 3296 2392 3337 tom.
2412 3284 2467 3335 11
2481 3323 2496 3349 ,
2512 3301 2638 3356 pag.

1617 3385 1735 3418 212.
1757 3365 1863 3418 En.

1690 3441 1843 3490 1206.
1886 3437 2167 3504 Ophieee'dis.
2212 3433 2379 3487 Collis
2420 3447 2532 3498 est,
2582 3433 2639 3484 in

1619 3510 1773 3580 cujus
1818 3507 2015 3561 vertice
2058 3505 2297 3559 nascitur
2352 3505 2585 3576 beryllus
2622 3522 2638 3554 :

1617 3603 1802 3640 auctor
1826 3585 2133 3658 Dionysius.
2169 3584 2381 3638 Ona-ns..
2408 3613 2479 3624 -
2517 3583 2643 3636 Hoc

1619 3667 1806 3720 Ortelii
1844 3663 2105 3719 sententia
2140 3663 2409 3736 superiore
2438 3673 2563 3716 nota
2590 3673 2643 3715 et

1620 3765 1775 3800 versu
1812 3744 2156 3816 subsequenti
2197 3743 2409 3797 abunde
2454 3741 2646 3795 refelli-

1618 3838 1721 3880 tur.
1750 3827 1846 3878 En.
1886 3857 1957 3868 —
1994 3824 2279 3878 Salmasius
2322 3823 2377 3876 in
2412 3821 2641 3874 Exercit.

1610 3905 1912 3969 Plinianis,
1950 3923 2067 3976 pag.
2107 3910 2203 3968 ²41
2254 3903 2457 3956 incusat
2489 3901 2643 3952 Avie-

1621 4001 1752 4036 uum
1772 4020 1789 4048 ,
1814 3982 1961 4055 quod
1988 3975 2214 4052 ὀφιτὶτιδαι
2241 3984 2417 4052 πέτρην
2446 3979 2645 4050 Diony-

1620 4062 1685 4114 sii
1736 4062 1839 4115 loci
1881 4081 2077 4116 nomen
2130 4081 2244 4117 csse
2289 4060 2538 4132 putavit,
2584 4067 2645 4110 ut

1618 4141 1921 4194 Priscianus
1946 4160 2161 4212 quoque
2176 4181 2190 4208 ,
2216 4153 2267 4194 et
2288 4159 2453 4192 amem
2468 4140 2645 4206 Ophie-
