2996 4685
814 343 1440 414 DESCRIPTIO
1503 344 1801 414 omns
1857 295 2234 414 TEhRAE.

2450 371 2582 417 221

547 463 1007 562 Sardiniaeque
1045 491 1257 554 arces»,
1288 481 1358 536 et
1406 467 1764 536 inhorrens
1808 470 2082 538 Corsica
2128 468 2354 540 silvis:

551 575 969 671 AEolidesque
1007 577 1250 646 dehinc
1287 577 1566 646 tumidis
1604 603 1672 646 se
1710 577 2026 648 fluctibus
2062 577 2274 648 edunt

548 687 819 773 Insulae‚
862 702 930 757 et
972 688 1221 758 inserto
1264 702 1626 758 canescunt
1664 687 1962 783 undique
2003 702 2235 783 ponto.

457 855 555 909 103
582 873 598 918 ;
628 853 883 925 Calpurn.
912 855 985 922 V,
1038 853 1067 907 5
1089 892 1105 919 ,
1151 853 1234 909 15.
1270 855 1375 909 W.
1408 887 1478 896 --

454 936 712 1004 Consurgit
743 938 949 986 Ebusus.
992 933 1196 995 Pariter
1226 933 1475 988 Priscian.

452 1032 531 1066 vs.
577 1013 677 1076 465
702 1033 715 1065 =
768 1037 795 1058 u
821 1013 948 1067 hinc
990 1013 1250 1085 frangitur
1296 1031 1480 1085 equor

452 1093 633 1146 Ebuso
655 1117 701 1145 -.
750 1093 1075 1144 Invenerunt
1113 1110 1240 1164 ergo
1281 1091 1339 1144 in
1382 1109 1481 1146 suo

452 1171 637 1226 codice
667 1171 809 1242 apud
844 1171 1157 1244 Dionysium
1178 1213 1194 1237 ,
1232 1191 1311 1226 vs.
1342 1171 1477 1244 457:

454 1252 577 1325 ἄγχι
616 1247 665 1303 δ’
706 1244 927 1312 ὲὸοῦσος.
966 1250 1259 1306 Infeliciter
1304 1264 1479 1306 autem

453 1331 677 1386 casaub.
699 1331 770 1385 ad
789 1333 963 1386 strab.
979 1333 1036 1384 11
1056 1372 1071 1396 ‚
1112 1350 1167 1404 p.
1190 1333 1289 1395 154
1308 1331 1485 1386 defeu-

455 1409 534 1464 dit
562 1410 647 1464 καὶ
676 1417 862 1470 Βοῦσος.
900 1411 1065 1465 scu.

524 1494 649 1544 611.
672 1493 1015 1559 Sardine'oeque
1026 1511 1185 1546 arces.
1202 1494 1375 1546 Recte.
1394 1490 1483 1544 Sic

454 1582 508 1623 et
523 1569 833 1624 describitur
848 1569 1097 1624 Sardinia
1118 1591 1145 1624 a
1168 1570 1485 1637 Claudiano,

454 1649 586 1703 Bell.
617 1649 763 1702 Gild.
790 1669 867 1703 vs.
895 1649 994 1704 511
1019 1669 1033 1704 :
1080 1675 1102 1697 ι
1124 1669 1242 1722 que
1272 1650 1485 1722 respicit

455 1731 687 1795 Arcton,
722 1729 975 1797 Immitis,
1012 1730 1293 1803 scopulosa
1314 1767 1331 1793 ‚
1364 1748 1485 1801 pro-

456 1827 551 1862 cax
565 1849 581 1874 ,
622 1808 909 1880 subitisque
946 1827 1137 1862 sonora
1176 1809 1479 1862 Fluctibus:

457 1887 681 1942 Insanos
702 1887 926 1940 infamat
942 1887 1116 1940 navita
1138 1900 1343 1940 montes
1357 1911 1378 1933 ι
1392 1927 1405 1940 .
1433 1888 1485 1938 Is

460 1980 639 2020 autem
663 1973 878 2019 Insanos
896 1982 1083 2019 montes
1105 1979 1257 2020 vocat
1274 1967 1487 2018 nomine

458 2046 691 2118 proprio.
716 2043 843 2098 vid.
865 2047 985 2098 Liv.
1007 2045 1165 2098 XXX
1181 2084 1197 2109 ‚
1230 2047 1297 2114 39
1320 2065 1337 2110 ;
1360 2046 1487 2098 Flo-

458 2146 579 2190 rus,
601 2127 657 2180 11
674 2167 690 2192 ‚
718 2126 801 2180 35.
828 2125 903 2178 Τὰ
924 2127 1188 2197 μαινόμενα.
1210 2127 1293 2198 ὄρη
1322 2127 1486 2180 etiam

458 2206 771 2268 Ptolemoeo,
794 2206 880 2258 111
896 2243 911 2268 ,
950 2207 998 2258 3.
1026 2199 1190 2258 Scun.
1206 2237 1275 2246 —
1294 2207 1484 2258 Omni·

456 2301 530 2338 no
554 2297 761 2339 montes
796 2285 852 2337 in
884 2284 1126 2339 Sardinia
1166 2277 1487 2358 conspicu'os

456 2367 671 2438 respicit
689 2366 921 2419 Avienus
936 2406 953 2432 ‚
982 2366 1073 2418 ubi
1100 2368 1213 2439 ejus
1236 2386 1377 2419 arces
1396 2384 1485 2417 no-

460 2448 645 2499 minat.
700 2445 841 2498 Nam
892 2464 1039 2499 arces
1082 2446 1201 2499 loca
1241 2445 1485 2517 quelibet

458 2526 599 2579 edita
614 2566 629 2591 ,
650 2524 717 2578 τὰ
742 2525 889 2596 ἄκρα.
918 2524 1057 2577 Hinc
1083 2524 1343 2595 Virgilius
1364 2528 1483 2577 ma·-

454 2624 595 2673 poeas
618 2617 668 2659 et
683 2606 987 2673 Rhodopeius
1002 2623 1142 2657 arces
1154 2602 1282 2656 dicit
1291 2604 1483 2676 Georg.

460 2684 516 2745 1,
547 2689 675 2750 140,
712 2684 813 2748 IV,
848 2686 977 2751 4613
1012 2683 1227 2736 Gratius
1258 2688 1483 2735 AEenoeas

464 2782 513 2816 v.
526 2762 645 2827 514.
662 2764 749 2817 Ob
767 2763 1011 2817 eamdem
1031 2780 1271 2815 caussam
1290 2762 1487 2815 insulas

462 2843 595 2897 alias
630 2843 899 2917 adpellare
934 2844 1125 2897 Noster
1158 2861 1305 2897 arces
1334 2844 1484 2896 solet.

462 2922 590 2976 Vid.
626 2943 682 2977 v.
711 2924 847 2991 630,
884 2922 1007 2989 655,
1034 2926 1157 2977 661.
1194 2923 1488 2985 caeterum,

461 3003 555 3074 qui
590 3004 695 3058 sint
734 3004 913 3058 Insani
950 3015 1153 3058 montes
1197 3004 1483 3069 Sardiniae,

462 3097 513 3136 et
538 3102 643 3137 cur
662 3084 733 3137 ita
756 3084 1017 3151 dicantur,
1047 3082 1191 3155 apud
1218 3044 1485 3137 neminen:

462 3182 519 3216 se
547 3162 733 3234 legisse
754 3164 950 3217 fatetur
969 3164 1263 3216 Glareanus
1280 3161 1349 3215 ad
1368 3163 1484 3215 Liv.

462 3243 503 3295 l.
542 3260 591 3294 c.
626 3242 739 3314 Ego
775 3242 1012 3313 suspicor
1050 3242 1191 3293 hanc
1224 3243 1483 3294 rationem

463 3320 693 3375 nominis
711 3338 857 3383 esse,
878 3319 1063 3392 quod'
1048 3340 1102 3373 m
1128 3320 1191 3371 iis
1215 3320 1487 3374 montibus

462 3400 749 3473 apiastrum
772 3413 1124 3465 venenatum,
1144 3399 1253 3451 sive
1285 3398 1485 3452 Sardoa

464 3478 632 3534 herba
657 3492 977 3545 nasceretur,
996 3497 1117 3549 quo
1138 3479 1350 3531 insanos
1368 3478 1488 3531 red·

464 3558 591 3613 dere
634 3559 877 3613 homines
894 3598 911 3624 ‚
948 3570 1001 3611 et
1046 3557 1155 3609 risu
1198 3557 1489 3613 immodico

464 3658 687 3693 enecare
724 3638 1051 3693 credebatur.
1094 3636 1220 3691 vid.
1260 3640 1487 3692 Serenus

466 3720 607 3771 Sam.
626 3739 681 3772 v.
700 3719 821 3783 431.
845 3718 1095 3773 Similiter
1118 3736 1213 3770 ora
1241 3716 1487 3788 quodam

463 3798 619 3851 Ponti
660 3798 885 3862 Euxini,
926 3798 1088 3867 Δάφνη
1126 3798 1409 3867 μαινομένη,
1456 3814 1489 3849 a

466 3878 621 3931 lauro
646 3878 830 3931 insana
858 3896 1053 3932 nomen
1076 3876 1301 3944 babuit,
1330 3895 1493 3949 quum

470 3960 539 4013 ab
557 3958 829 4021 Ausonio,
858 3958 1032 4012 Carm.
1056 3957 1123 4011 de
1152 3958 1288 4011 Ostr.
1314 3976 1395 4010 vs.
1425 3958 1493 4025 39

1564 867 1690 908 tom.
1706 857 1760 920 1,
1785 874 1836 926 p.
1863 857 1963 908 186
1987 873 2066 927 sq.
2101 855 2230 922 En.)
2253 855 2488 909 W.-Ee
2508 861 2588 910 in-

1563 938 1766 986 horrens
1843 937 2038 986 Corse'ca
2105 938 2251 988 silvis.
2333 935 2589 1008 Adpositc

1563 1013 1833 1084 Theopbr.
1857 1011 1986 1067 Hist.
2013 1014 2337 1078 plantarum,
2353 1016 2424 1077 V,
2454 1033 2486 1083 9
2506 1054 2522 1078 ‚
2542 1029 2594 1070 et

1571 1091 1838 1146 Diodorus
1874 1092 2033 1147 Sicul.
2070 1093 2160 1146 lib.
2179 1094 2250 1160 V,
2289 1113 2414 1166 pag.
2458 1097 2557 1166 195
2578 1113 2594 1146 :

1564 1174 1597 1229 ἡ
1623 1167 1672 1223 δ’
1697 1171 1781 1228 ὅλη
1809 1179 1944 1232 νῆσος
1966 1175 2220 1247 conexione
2243 1168 2362 1225 οὖσα.
2377 1213 2391 1237 ,
2411 1183 2592 1232 mum

1563 1257 1648 1310 τῆς
1671 1251 1833 1322 χώρας
1855 1253 2031 1322 ὀρεινὴν
2057 1253 2158 1320 [χιι
2173 1291 2187 1314 ,
2216 1257 2587 1324 πεπυκασμένην

1568 1327 1760 1402 δρυμοῖς
1811 1332 2038 1398 συνεχέσι.
2099 1330 2244 1384 Talis
2299 1332 2590 1387 etiamnum

1568 1423 1660 1464 est.
1689 1409 1814 1463 Vid.
1847 1409 2091 1464 Boswell.
2127 1429 2181 1483 p.
2213 1419 2295 1476 14.
2329 1413 2484 1468 Scan.
2523 1445 2592 1456 -

1567 1491 1775 1544 Montes
1807 1491 2036 1544 Corsico
2065 1502 2322 1544 memorat
2351 1493 2512 1545 Rutil.
2535 1495 2594 1557 Ι,

1570 1569 1667 1633 431
1694 1610 1710 1636 ,
1751 1570 2071 1642 quibuscum
2109 1570 2252 1622 silvae
2284 1576 2594 1644 conjuncta.

1566 1653 1832 1702 Inkomns
1872 1651 2003 1701 silvis
2035 1647 2194 1711 dixit,
2223 1662 2280 1700 ut
2308 1651 2596 1724 Virgilius,

1568 1728 1765 1800 Georg.
1785 1730 1834 1790 1,
1857 1729 1962 1793 314
1976 1755 2028 1793 ,ιι
2049 1730 2234 1782 messis
2261 1729 2526 1785 inhorruit
2543 1757 2568 1776 ι·
2581 1771 2599 1797 ,

1571 1821 1620 1860 et
1641 1810 1759 1860 ΕΩ.
1777 1809 1884 1873 111,
1914 1808 1978 1860 13
1996 1844 2010 1869 ,
2037 1807 2356 1862 «hastilibus
2377 1810 2598 1866 horrida

1571 1898 1820 1958 myrtus»
1843 1908 1860 1952 ς
1891 1899 1944 1940 et
1972 1886 2086 1959 ipse
2110 1887 2315 1953 Noster,
2345 1907 2398 1940 v.
2427 1891 2559 1962 1037
2580 1911 2597 1946 τ

1569 1991 1595 2012 α
1615 1964 1989 2037 Horrescitque
2032 1967 2200 2020 comis
2247 1985 2524 2022 nemorum
2556 1996 2597 2023 »-

1571 2045 1771 2116 Nempe
1796 2049 1993 2098 leon-m
2017 2045 2187 2118 poetis
2209 2047 2389 2099 omnia
2415 2045 2609 2102 dicun?

1573 2138 1681 2186 tur,
1730 2142 1850 2195 quae
1901 2123 2063 2178 dense
2107 2139 2448 2180 succrescunt
2476 2170 2492 2194 ‚
2515 2131 2598 2184 vel

1572 2201 1865 2273 eriguntur.
1891 2203 1989 2256 W.

1641 2281 1762 2334 623.
1788 2284 2108 2351 AEolt'desque
2132 2320 2145 2332 .
2161 2325 2174 2336 .
2193 2323 2206 2336 .
2234 2290 2442 2340 Insula.
2481 2287 2598 2346 Hoc

1567 2360 1862 2434 singulare,
1889 2376 1948 2415 ut
1979 2374 2126 2417 notat
2151 2362 2318 2417 Huds.
2345 2366 2414 2421 ed
2441 2369 2598 2423 Dion.

1572 2446 1711 2508 461,
1751 2461 1852 2513 pro
1880 2446 2085 2504 AEolioe,
2077 2465 2090 2477 ·
2111 2442 2246 2496 nihil
2273 2456 2450 2500 tamen
2479 2468 2600 2503 mu-

1571 2532 1640 2574 to.
1661 2522 1928 2589 Justinus,
1965 2524 2067 2588 IV,
2104 2540 2153 2588 1,
2187 2540 2274 2589 11,
2304 2526 2493 2581 citatus
2532 2532 2603 2583 ab

1568 2600 1867 2655 Hudsono:
1901 2602 2216 2656 «Accedunt
2235 2605 2395 2659 vicini
2412 2623 2463 2659 et
2483 2628 2600 2681 per-

1571 2680 1721 2750 petui
1751 2684 1924 2735 AEtnae
1951 2682 2142 2734 montis
2167 2683 2345 2754 ignes,
2373 2698 2426 2739 et
2445 2687 2600 2754 ,insu-

1571 2760 1741 2811 larum
1773 2758 2075 2824 AEolidum‚
2100 2762 2304 2813 veluti
2289 2765 2418 2835 ipsis
2443 2767 2602 2821 undis

1572 2838 1746 2890 alatur
1765 2836 2128 2891 incendium
2157 2840 2312 2895 Diod.
2333 2844 2513 2911 sic.,v
2535 2864 2601 2918 7·

1574 2914 1976 2988 Μιταὸιὸάσομεν
1999 2919 2079 2969 τὸν
2101 2918 2245 2993 λόγον
2275 2922 2354 2974 ἰπὶ
2379 2922 2467 2984 τὰς
2497 2926 2598 2977 ὄνο-

1574 3000 1842 3071 puteusve<
1869 2994 2121 3059 Αἰολίδαις·
2161 3014 2214 3054 et
2239 3002 2302 3069 V,
2345 3020 2446 3056 11ε
2494 3006 2600 3057 ἐπεὶ

1573 3079 1638 3133 τὰ
1663 3075 1774 3150 περὶ
1790 3077 1878 3138 τὰς
1899 3074 2122 3139 Αἰολίδας
2143 3100 2306 3141 *nosue
2329 3078 2595 3155 διήλθομεν.

1573 3162 1734 3215 seua.
1779 3190 1850 3199 ——
1887 3162 1968 3213 De
1992 3163 2379 3231 permutatione
2401 3164 2600 3217 horum

1573 3239 1849 3293 nominum
1874 3240 1982 3309 jam
2013 3239 2122 3291 dixi
2143 3240 2208 3293 ad
2239 3240 2594 3309 Priscianum,

1575 3336 1652 3371 vs.
1697 3317 1815 3387 475.
1853 3317 1951 3372 W.
1990 3350 2064 3359 —
2099 3321 2413 3386 AEole'desque
2454 3321 2600 3375 dedit

1575 3396 1735 3468 Cusp.
1766 3395 1906 3448 Pith.
1935 3396 2105 3449 Huds.
2133 3400 2404 3467 AEole'oeque
2430 3401 2600 3473 legere

1570 3475 1719 3547 jussit
1733 3476 1952 3529 Camers
1969 3476 2038 3530 ad
2053 3476 2211 3530 Prisc.
2234 3478 2355 3549 475,
2369 3498 2600 3555 eumque

1575 3566 1830 3627 sequutus
1869 3568 1947 3609 est
1973 3555 2112 3609 vad.
2151 3558 2276 3627 quia
2305 3560 2600 3615 AEoliarum

1579 3648 1630 3689 et
1669 3634 1942 3689 AEolidum
1979 3636 2269 3689 insularum
2321 3637 2602 3695 discrimen

1577 3728 1784 3769 norant.
1811 3714 1914 3769 Sed
1941 3728 2115 3769 tamen
2147 3717 2316 3789 ipsum
2341 3722 2602 3775 Avienum

1577 3795 1654 3849 sic
1679 3794 1976 3868 scripsisse,
1995 3796 2236 3851 nondum
2257 3799 2454 3871 liquet,
2477 3803 2604 3873 quia

1581 3876 1867 3930 discrimen
1903 3876 2035 3929 illud
2071 3879 2346 3931 nominum
2385 3880 2606 3935 Veteres

1583 3974 1690 4009 non
1739 3968 1994 4039 perpetuo
2043 3957 2348 4011 observasse
2402 3973 2603 4012 certum
2705 3947 2718 3962 ⁶

468 4041 750 4093 -insanam
781 4037 1113 4110 Propontidis
1144 4051 1357 4091 actam·
1390 4036 1495 4091 dici
1585 4048 1678 4091 est.
1705 4035 1831 4090 Vid.
1849 4026 1962 4090 not.
1979 4036 2045 4090 ad
2069 4036 2234 4090 Prisc.
2253 4058 2301 4089 v.
2327 4039 2446 4108 475.

469 4119 649 4174 notavi
702 4117 769 4172 ad
818 4138 943 4173 eum
994 4117 1167 4171 locum
1221 4118 1368 4190 (huj.
1404 4138 1492 4191 op.

1655 4121 1778 4181 614.
1835 4123 2030 4169 laser-to
2077 4130 2349 4168 canescunt
2394 4120 2517 4168 medi
2497 4136 2609 4185 eque
