2996 4685
731 415 860 504 AD
911 415 1257 485 DESCR.
1305 415 1603 482 ORBIS
1653 411 2028 479 TERRAE.
2224 357 2234 367 ·
2308 405 2447 499 389

315 538 379 600 in
426 557 634 625 eoque
678 533 862 599 valde
902 533 1174 598 discedit
1205 557 1241 597 a
1272 534 1620 622 DionysiO,
1656 534 1769 620 qui
1802 554 1897 596 vs,
1944 532 2067 608 544
2104 530 2185 593 ab
2219 527 2443 593 avibus

315 635 604 701 candidis
624 685 643 718 ,
681 635 917 724 quibus
967 633 1372 715 abundabat,
1422 633 1657 699 dictam
1718 634 1841 716 ait,
1890 625 2461 726 consentientibus¹

315 736 473 801 aliis.
504 736 631 801 Sed
666 753 892 822 tamen·
913 736 1200 800 Avienus
1234 752 1531 801 auctores
1574 735 1910 799 sententiae
1962 756 2091 797 suae
2140 731 2447 796 habuisse

315 836 592 919 videtur,
624 839 736 927 qui
768 859 908 901 eam
941 837 1228 901 nominis
1259 839 1583 901 rationem
1618 859 1752 900 non
1785 836 1935 899 satis
1967 856 2223 925 gravem
2255 848 2459 925 puta·¹

317 955 485 1002 rent.
514 938 856 1027 Euripides
881 939 952 1003 in
977 938 1316 1029 Iphigenia
1332 939 1629 1018 Taurica,
1646 961 1706 1002 v.
1737 935 1889 1018 435,
1913 937 2021 1018 ait,
2038 943 2129 998 τὰν
2149 945 2446 1013 πολυόρνιθον

319 1047 400 1101 ἐπ’
423 1044 534 1102 αἶαν
562 1049 748 1104 Azonai-o
771 1049 930 1104 ἀκτὰν
957 1043 1188 1121 Ᾰχιλῆος·
1211 1039 1371 1118 duas
1389 1041 1811 1129 proprietates
1829 1039 2055 1104 insulae
2074 1036 2413 1126 distinguit
2431 1085 2449 1114 ,

318 1147 383 1204 et
406 1154 580 1213 λευκᾶς
605 1142 1102 1232 adpellationem
1115 1143 1184 1206 in
1209 1142 1352 1230 ipso
1373 1144 1592 1207 colore
1609 1164 1856 1230 ponere
1876 1140 2151 1205 videtur.
2168 1139 2273 1203 Sic
2295 1133 2465 1222 sanes

320 1243 666 1308 Arrianus:
692 1255 734 1306 οἱ
755 1250 816 1306 δὲ
843 1257 1027 1312 Λευκήν
1055 1255 1156 1307 ἀπὸ
1179 1257 1269 1314 τῆς
1296 1257 1461 1325 χροιᾶς
1485 1254 1818 1325 ὀνομάζουσιν.
1872 1245 2099 1331 Aptam
2128 1241 2463 1334 igiturssraj

321 1344 567 1408 tionem
591 1345 876 1411 Avienus
913 1363 1226 1434 sequutus
1261 1367 1398 1410 esse
1425 1345 1704 1428 videtur,
1735 1346 1849 1432 qui
1884 1345 2137 1409 Leucen
2176 1342 2257 1406 ab
2290 1341 2458 1432 albis-

317 1447 588 1535 rupibus
625 1445 958 1536 descripsit
975 1497 992 1525 ‚
1019 1446 1342 1536 siquidem
1368 1445 1547 1512 haud
1573 1446 1771 1511 dubie
1794 1461 2091 1527 noverat,
2114 1444 2230 1508 alia
2252 1444 2444 1508 etiam

319 1548 458 1612 loca
474 1595 493 1630 ,
524 1551 878 1636 piaesertim
937 1573 1080 1638 quae
1133 1547 1439 1612 fluctibus
1491 1551 1685 1613 maris
1718 1549 2003 1636 exposita
2038 1561 2251 1610 essent
2267 1593 2285 1626 ‚
2310 1539 2447 1638 'tale

318 1670 557 1712 nomen
609 1651 955 1738 accepisse,
989 1665 1064 1714 ut
1103 1652 1425 1715 Leucaten
1475 1650 1997 1738 promontorium
2041 1647 2446 1725 Acarnaniae,

313 1747 700 1814 Leucosiam
736 1751 1014 1816 insulam
1048 1751 1242 1815 maris
1268 1751 1620 1838 Tyrrheni,
1658 1753 2113 1838 Leucopetram
2148 1771 2451 1837 promon-

320 1850 560 1913 torium
611 1867 971 1915 extremum
1021 1853 1234 1916 ltaliae.
1275 1850 1421 1917 vid.
1448 1875 1509 1916 v.
1544 1855 1663 1918 118
1714 1869 1775 1915 et
1822 1852 1970 1916 512.
2010 1852 2110 1915 Ad
2148 1867 2444 1914 naturam

317 1948 548 2014 insulae
581 1952 765 2038 quod
797 1951 1046 2016 adtinet
1063 2000 1082 2034 ‚
1109 1954 1336 2040 Scylax
1363 1970 1430 2018 et
1454 1955 1771 2018 Arrianus
1800 1975 1941 2018 eam
1966 1965 2142 2035 ὄρνῑμην
2168 1961 2451 2032 ἀνθρώπων,

318 2049 730 2117 Marcellinus
763 2056 898 2126 sina
925 2053 1386 2118 habitatoribus
1421 2053 1567 2118 ullis
1600 2079 1739 2119 esse
1777 2054 1967 2135 dicit,
2002 2073 2065 2119 et
2096 2054 2448 2141 Dionysius

245 2199 248 2204 -
318 2152 376 2215 ei
409 2163 644 2234 ἐρημίας
676 2165 867 2229 βήσσας
881 2198 898 2225 ,
927 2145 1201 2220 desertus
1240 2155 1452 2220 valles
1491 2156 1722 2221 tribuit
1737 2206 1756 2238 ,
1790 2157 1969 2244 quod
2004 2157 2304 2220 disertius
2341 2180 2448 2219 ex—

315 2255 556 2341 plicans
597 2256 882 2321 Avienus
902 2305 918 2336 ,
962 2257 1153 2321 bonis
1174 2306 1193 2337 ,
1226 2274 1302 2321 ut
1331 2273 1495 2346 puto
1540 2259 1914 2322 auctoribus
1930 2308 1948 2339 ‚
1984 2249 2197 2322 moles
2230 2281 2447 2322 exesas

315 2358 640 2422 montium
659 2407 678 2440 ,
707 2374 775 2423 et
805 2375 988 2423 antra
1021 2382 1335 2441 concava,
1363 2375 1428 2423 et
1467 2384 1664 2449 rupes
1706 2361 2143 2447 pendentibus
2174 2360 2442 2424 fornici-

307 2459 436 2523 bus
483 2460 552 2522 in
603 2482 677 2523 ea
725 2462 1015 2548 conspici
1063 2460 1300 2549 prodit.
1348 2464 1532 2527 Hanc
1578 2460 2077 2550 descriptionem
2116 2463 2230 2525 ubi
2263 2464 2406 2551 lego
2425 2512 2441 2537 ,

313 2560 584 2646 propius
611 2560 770 2623 mihi
799 2562 1158 2650 intelligere
1183 2562 1428 2643 videor,
1457 2563 1619 2651 quid
1650 2566 1762 2641 sit,
1786 2564 1967 2652 quod
1989 2566 2056 2627 in
2080 2566 2443 2652 fragmento

317 2660 554 2749 Peripli
607 2662 802 2725 Ponti
854 2663 1019 2727 Eux.
1070 2678 1135 2727 et
1179 2662 1534 2743 Maeotidis,
1570 2663 1751 2751 quod
1778 2664 2047 2728 Vossius
2092 2661 2334 2743 edidit,
2361 2663 2443 2727 de

315 2762 418 2831 illa
476 2761 686 2826 insula
748 2762 1020 2843 dicatur,
1066 2774 1176 2824 esav
1205 2774 1468 2843 ἱεροπρεπῆ
1488 2776 1594 2833 τοῖς
1622 2775 1977 2843 ἀφικνουμένοις
2001 2774 2145 2839 ἔχειν,
2188 2786 2441 2825 sacrum

318 2863 664 2952 quemdam
710 2881 776 2929 et
806 2864 1248 2929 venerandum
1295 2848 1679 2951 adspectum
1728 2887 1807 2926 eo
1838 2863 2247 2927 venientibus
2286 2888 2447 2951 prae-

317 2965 506 3044 bere;
538 2982 603 3029 et
635 2967 818 3054 quod
865 2968 1156 3049 Quintus
1201 2965 1488 3047 Calaber,
1538 2965 1649 3029 lib.
1697 2965 1829 3046 111,
1859 2988 1985 3053 772
2007 3013 2025 3045 ,
2054 2968 2258 3028 θεουδέα
2285 2982 2455 3033 νῆσον.

317 3066 590 3131 insulam
628 3067 848 3133 divina
873 3070 1090 3156 specie
1116 3067 1412 3156 adpellet.
1451 3069 1619 3131 Nam
1654 3083 1729 3130 ut
1760 3066 1975 3131 densae
2008 3066 2350 3131 arboribus
2365 3086 2451 3130 »et

320 3166 589 3254 caligine
615 3168 954 3232 horrentes
987 3169 1185 3250 silvae,
1212 3169 1393 3257 quod
1425 3185 1747 3233 secretum
1776 3170 2041 3257 aliquod
2072 3169 2449 3233 hominibus

321 3266 718 3331 inaccessum
758 3284 980 3333 tenere
1005 3269 1402 3351 viderentur,
1421 3286 1761 3358 propterea
1793 3294 1985 3335 sacrae
2009 3271 2449 3349 habebantur3

322 3368 408 3431 ita
453 3368 663 3432 insula
698 3370 972 3457 rupibus
1009 3387 1073 3434 et
1110 3371 1282 3434 silvis
1315 3394 1536 3458 aspera
1554 3420 1573 3452 ,
1609 3370 1961 3457 multisque
1994 3387 2331 3433 antrorum
2386 3388 2451 3433 et

320 3470 582 3534 vallium
612 3471 970 3535 recessibus
993 3494 1192 3558 opaca
1211 3520 1230 3553 ,
1250 3494 1457 3558 quum
1481 3472 1821 3535 horrorem
1845 3471 2124 3551 objicere
2147 3469 2448 3535 adeunti-

323 3571 444 3635 bus
465 3620 484 3653 ,
511 3589 654 3636 tum
693 3573 884 3637 etiam
922 3595 1097 3636 sacra
1135 3588 1200 3636 et
1234 3571 1601 3637 veneranda
1633 3570 1837 3635 videri
1883 3587 2154 3660 poterat.
2194 3572 2449 3635 Memo-

321 3688 548 3759 ratque
573 3675 786 3737 Amm.
823 3672 1236 3737 Marcellinus
1269 3674 1308 3737 l.
1345 3698 1399 3738 c.
1436 3674 1487 3737 si
1522 3674 1637 3760 qui
1670 3672 1837 3735 forte
1883 3674 1949 3735 in
1994 3695 2132 3735 eam
2172 3674 2447 3738 insulam

322 3771 516 3837 delati
559 3774 836 3857 fuerint,
861 3775 1113 3863 vesperi
1160 3798 1350 3840 naves
1393 3790 1717 3862 repetere,
1748 3774 1929 3861 quod
1960 3778 2131 3840 fama
2164 3775 2246 3839 sit
2266 3826 2283 3859 ,
2312 3800 2445 3840 non

321 3874 462 3937 sine
521 3872 888 3939 discrimine
941 3876 1088 3940 vitae
1141 3875 1272 3940 illic
1329 3897 1723 3963 quemquam
1786 3892 2181 3962 pernoctare.
2238 3880 2451 3964 Atque

321 3976 460 4039 haec
491 3974 700 4063 prima
733 3999 870 4040 esse
907 4000 1128 4041 caussa
1159 3976 1437 4057 videtur,
1467 4000 1586 4040 cur
1617 3978 1827 4040 Leuce
1860 3977 2065 4040 insula
2101 3976 2283 4042 sedes
2317 3979 2451 4041 ani-

323 4100 576 4141 marum
608 4076 858 4159 habita,
894 4092 960 4142 et
993 4078 1301 4143 heroibus
1336 4094 1484 4166 post
1520 4080 1645 4141 fata
1678 4075 2005 4166 adsignata
2038 4077 2252 4141 fuerit.
2294 4079 2449 4141 Dio-

327 4180 579 4267 nysius,
610 4204 668 4243 v.
711 4178 868 4261 542,
903 4190 1212 4261 πολυώνυμον
1242 4192 1386 4245 νῆσον
1413 4181 1593 4260 Ἡρώων
1625 4197 1847 4261 vocat,
1884 4178 2133 4243 Plinius
2172 4178 2448 4241 insulam
