2996 4685
565 377 772 446 Exc.
810 374 982 445 VIII
1030 376 1162 442 AD
1210 375 1529 443 DESCR.
1567 374 1829 441 ORBIS
1878 373 2225 441 TERRAE.
2328 367 2469 467 393

345 497 710 588 Stephanus
737 497 886 560 alias
919 494 1181 583 quidem
1206 505 1523 576 πιριηγητὴν,
1546 492 1655 558 hic
1678 516 1834 558 vero
1864 493 2239 582 simpliciter
2261 503 2471 560 ποιητὴν

345 615 554 664 vocat.
599 598 799 682 Quod
839 597 1110 662 verbum
1143 597 1198 661 si
1233 596 1412 661 docti
1441 595 1563 658 viri
1602 618 1717 683 per
1759 594 2254 683 compendium,
2288 592 2472 683 quod

348 701 536 765 etiam
566 709 862 782 πιριηγπτὴν
895 698 1237 789 significet,
1269 699 1585 786 scriptum
1610 721 1649 760 a
1666 697 1929 762 librario
1962 698 2331 763 existimant
2348 745 2366 778 ,
2399 719 2474 760 ω

350 800 418 864 in
453 824 525 865 re
559 800 722 864 nihil
755 799 932 864 aliud
949 847 968 882 ,
1000 823 1196 888 quam
1231 797 1582 887 hypothesi
1629 821 1763 862 suae
1816 799 2128 864 serviunt.
2169 799 2255 863 Et
2278 797 2473 862 Avie-

351 925 478 966 nus
493 951 512 985 ‚
545 902 656 990 qui
707 917 809 966 tot
836 901 957 965 alia
993 903 1060 964 in
1094 900 1414 989 Dionysio
1451 899 1759 988 praeteriit·
1774 949 1793 982 ,
1820 915 1918 963 tot
1969 901 2087 964 alia
2139 898 2351 965 eidem
2397 921 2477 961 ex

352 1003 616 1094 ingenio
632 1052 652 1085 ,
676 1003 780 1067 vel
805 1025 885 1068 ex
913 1002 1054 1066 aliis
1079 1001 1509 1089 scriptoribus
1539 999 1821 1082 addidit,
1850 1022 1967 1064 cur
1998 1001 2139 1065 solo
2169 1000 2299 1064 hoc
2326 1001 2475 1064 loco

353 1104 652 1170 credatur
703 1127 840 1168 non
893 1104 1016 1169 nisi
1059 1128 1096 1169 e
1142 1103 1460 1192 Dionysio
1505 1103 1827 1184 hausisse,
1853 1100 2034 1190 quod
2063 1103 2131 1166 in
2168 1125 2247 1166 eo
2280 1101 2479 1167 hodie

370 1225 492 1270 1011
522 1204 812 1296 legitur?
843 1206 1140 1270 Miraculi
1178 1206 1378 1270 instar
1407 1206 1526 1284 sit,
1554 1202 1875 1293 siquidem
1911 1204 2093 1269 locus
2128 1203 2211 1268 de
2246 1205 2481 1268 Emesa

374 1307 520 1372 urbe
549 1308 614 1370 in
649 1307 966 1396 Dionysio
997 1305 1348 1395 aliquando
1375 1305 1620 1370 exstitit
1638 1353 1659 1386 ,
1682 1304 1817 1370 duo
1856 1304 2307 1369 solertissimos
2339 1303 2478 1384 ejus

373 1403 736 1496 inhmretes
752 1456 772 1490 ,
819 1423 886 1471 et
933 1406 1196 1472 diversis
1253 1407 1539 1471 aetatibus
1595 1406 1883 1470 viventes
1904 1455 1921 1481 ‚
1966 1406 2367 1470 Priscianum
2414 1422 2482 1470 et

372 1501 769 1576 Emathium·
787 1557 806 1588 ,
834 1531 991 1572 eum
1018 1509 1348 1598 ignorasse
1367 1555 1386 1590 ,
1416 1531 1656 1588 unum,
1690 1530 1973 1596 eumque
1998 1510 2131 1573 fere
2163 1508 2483 1597 negligen-

373 1600 678 1672 tissinum
693 1657 711 1690 ,
739 1608 856 1696 qui
901 1608 1150 1696 ubique
1193 1628 1316 1673 suo
1365 1610 1567 1698 mag-is
1607 1609 1872 1698 ingenio
1923 1611 2019 1674 uti
2036 1658 2056 1691 ,
2088 1631 2283 1697 quam
2318 1610 2483 1674 Dio·

379 1703 558 1792 nysio
572 1708 899 1774 adhaerere
923 1709 1204 1792 videtur,
1232 1733 1384 1776 eum
1423 1733 1560 1774 non
1599 1711 1813 1774 solum
1849 1711 2219 1776 observasse
2234 1761 2251 1794 ,
2278 1710 2393 1777 sed
2420 1728 2487 1775 et

379 1804 682 1874 lucultnte
714 1811 1080 1898 explicasse.
1114 1811 1240 1876 Sed
1274 1813 1542 1900 quinam
1575 1813 1657 1875 sit
1687 1811 2037 1900 Dionysius
2054 1813 2191 1894 ille,
2218 1828 2283 1876 et
2308 1811 2485 1875 unde

382 1919 654 1993 sumptis
683 1912 820 1991 ejus
843 1935 1067 1978 versus
1087 1961 1107 1995 ,
1137 1913 1252 2000 qui
1282 1936 1318 1977 a
1349 1912 1680 2000 Stephano
1713 1914 1981 1995 citatur3
2010 1915 2289 1977 Avienus
2328 1914 2483 1977 item

387 2028 584 2095 quem
629 2028 944 2077 meterem
995 2030 1062 2078 et
1109 2037 1306 2102 quam
1361 2036 1651 2078 caussam
1699 2012 1999 2078 habuerit
2050 2015 2177 2079 loci
2220 2013 2357 2093 ejus
2403 2012 2487 2077 de

387 2110 620 2174 Emesa
647 2115 890 2179 ermini
923 2138 1046 2180 suo
1076 2116 1402 2180 inserendi
1419 2165 1436 2197 ,
1465 2116 1593 2182 hoc
1627 2116 1895 2180 fortasse
1920 2115 2249 2180 verisimili
2274 2115 2489 2202 aliqua

389 2210 636 2275 ratione
666 2215 894 2280 §stendi
923 2232 1156 2304 potest.
1192 2217 1573 2283 Eustathius
1606 2218 1673 2283 in
1707 2219 2024 2306 prooemio
2054 2216 2137 2281 ad
2170 2239 2492 2282 commen·

390 2312 626 2377 tarium
655 2333 819 2382 sium
856 2318 1112 2403 scribit,
1140 2320 1530 2409 Dionysium
1562 2318 1691 2384 dici
1722 2320 1914 2385 etiam
1948 2329 2159 2385 Διοιωιὰ
2185 2336 2252 2385 et
2272 2335 2485 2383 Βασσα-

390 2423 500 2496 ραὰ
536 2412 851 2501 scripisse.
902 2422 1086 2508 Opus
1131 2420 1214 2486 de
1260 2420 1581 2511 lapidibus
1629 2422 1942 2510 Dionysio
1988 2421 2262 2511 dignum
2314 2444 2453 2486 esse
2471 2470 2492 2504 ,

393 2532 659 2605 propter
709 2520 1172 2586 militudinem
1215 2524 1363 2612 styli
1380 2570 1399 2604 ‚
1427 2524 1517 2587 ait
1533 2574 1551 2597 ‚
1600 2524 1918 2588 Bassarica
1965 2523 2048 2588 ad
2096 2514 2489 2612 Dionysium

393 2615 684 2681 Samium
715 2620 902 2701 potius
937 2620 1180 2685 referre
1201 2622 1479 2689 videtur.
1513 2622 1741 2688 Suidas
1773 2626 2053 2689 auctoris
2081 2640 2319 2687 Διοιωιῶν
2355 2646 2493 2689 me·

396 2714 588 2781 minit
623 2715 746 2779 sub
763 2721 1061 2811 ]ionysio
1098 2724 1474 2805 Corinthio,
1505 2726 1611 2789 cui
1644 2736 1917 2806 οἰκουμένης
1944 2737 2227 2807 περιήγησιν
2255 2725 2493 2789 adscri-

397 2818 530 2901 bit,
559 2834 627 2882 et
653 2816 834 2887 addt:
859 2854 886 2879 κ
910 2822 1157 2888 Eadem
1187 2825 1402 2912 reperi
1445 2825 1514 2888 in
1563 2826 1879 2913 Dionysio
1898 2874 1915 2906 ‚
1947 2826 2059 2913 qui
2096 2825 2177 2891 de
2220 2826 2493 2915 gemmis

397 2918 692 3008 scripsit:
717 2934 828 2989 utr
873 2924 1074 3013 igitur
1105 2925 1190 2989 sit
1221 2940 1471 3007 auctor,
1505 2926 1741 3015 ignoro
1759 2956 1804 2989 n.
1833 2925 2114 3015 Adparet
2145 2948 2223 2990 ex
2251 2926 2353 2990 his
2370 2976 2388 3007 ,
2422 2926 2493 2988 in

402 3036 684 3109 utroque
730 3041 922 3109 opre,
953 3026 1022 3090 in
1062 3026 1384 3117 Periegesi
1415 3044 1481 3091 et
1512 3028 1581 3091 in
1614 3040 1875 3103 Διοιακοῑς,
1907 3029 2108 3093 multa
2137 3028 2453 3093 exstitisse
2470 3077 2490 3108 ,

403 3143 546 3209 quae
583 3142 1002 3208 comen-ent,
1033 3143 1100 3191 et
1145 3129 1487 3217 utriusque
1515 3129 1617 3193 vel
1648 3152 1857 3193 unum
1902 3146 2235 3195 auctorem
2277 3129 2495 3195 existi·-

403 3237 652 3285 matum
683 3244 820 3285 esse
834 3228 942 3291 >vel
967 3229 1240 3293 alterum
1270 3253 1350 3294 ex
1373 3232 1633 3296 alterius
1667 3232 1951 3297 carmine
1976 3234 2181 3297 multa
2202 3234 2270 3296 in
2300 3254 2495 3295 suum

405 3322 826 3388 transtulisse.
841 3328 1192 3395 Enimvero
1241 3332 1372 3396 hoc
1421 3334 1781 3398 etiamnum
1832 3334 2031 3399 hodie
2076 3334 2381 3398 convenit
2426 3334 2493 3395 in

316 3438 323 3444 '
404 3423 703 3512 Dionysii
730 3428 894 3489 nost-i
920 3450 1105 3517 opus.
1135 3431 1376 3496 Mirum
1407 3450 1539 3515 est,
1557 3456 1753 3522 quam
1782 3437 1987 3500 multa
2016 3435 2123 3499 ille
2156 3435 2497 3524 regionum

413 3541 479 3588 et
523 3524 875 3612 populoru!
912 3528 1334 3621 descriptioni
1369 3534 1719 3600 admisceat
1748 3534 1831 3600 de
1861 3535 2134 3625 gemmis
2171 3551 2239 3599 ct
2270 3534 2499 3623 lapidi·

409 3627 532 3690 bus
585 3627 872 3715 pretiosis
907 3632 1230 3698 Asterium
1281 3653 1347 3701 et
1387 3637 1743 3725 lychnitem
1794 3637 1859 3700 in
1917 3637 2173 3700 Pallene
2223 3637 2497 3700 inveniri

410 3744 626 3793 narrat
650 3752 714 3817 p.
748 3726 934 3798 32831
968 3733 1116 3820 329.
1154 3737 1551 3802 Narcissiten
1585 3739 1655 3801 iu
1690 3736 1904 3803 Media
1929 3760 2021 3802 vs.
2055 3736 2214 3801 1031
2243 3787 2262 3820 ,
2286 3738 2499 3803 Acha-

412 3846 544 3893 tem
599 3831 667 3893 in
717 3831 853 3920 ripa
873 3834 1168 3925 Choaspis
1223 3836 1509 3902 fluminis
1537 3862 1628 3903 vs.
1668 3839 1853 3927 1075.
1894 3840 2196 3905 Meminit
2240 3842 2495 3924 coi-alii,

413 3932 696 4020 sapphiri
718 3956 778 3997 v.
815 3957 839 3997 1
860 3937 936 4001 »3
959 3954 1024 4002 et
1061 3964 1084 4003 1
1105 3939 1248 4023 105,
1266 3941 1520 4029 berylli,
1544 3941 1919 4026 adamantis,
1942 3942 2232 4032 iaspidis,
2253 3947 2494 4034 topazi,

414 4032 756 4118 amethysti
781 4056 840 4097 v.
877 4058 901 4101 1
921 4061 998 4124 19
1035 4063 1211 4130 seqq.
1253 4043 1549 4107 Fortasse
1579 4044 1765 4132 plura
1800 4046 2105 4135 praeterii,
2136 4070 2278 4135 quae
2308 4046 2495 4132 fuge·

416 4150 572 4197 runt
608 4150 979 4221 quaerentm.
1019 4140 1168 4206 Haec
1201 4160 1418 4207 autem
1453 4146 1599 4209 talia
1631 4163 1815 4229 sunt,
1861 4164 1939 4211 ut
1978 4148 2101 4210 nisi
2126 4172 2162 4209 a
2186 4146 2497 4233 scriptore
