2996 4685
802 374 935 442 AD
989 375 1279 444 oRAM
1326 375 1962 446 MARITIMAM.
2305 374 2444 474 509

318 495 421 558 illa
451 492 535 557 ab
571 493 813 556 Avieno
840 492 1087 580 prolata
1120 495 1344 582 opinio
1364 543 1383 576 ,
1418 494 1498 560 de
1533 496 1669 560 sole
1701 494 1928 561 orbem
1961 511 2146 560 terrae
2178 497 2442 585 planum

316 609 727 682 peragrante,
765 591 948 680 quasi
982 613 1275 660 revocata
1317 595 1660 684 probatur,
1697 619 1877 661 nunc
1913 619 1995 660 eo
2029 598 2409 663 revertimur
2427 649 2446 682 ,

320 695 497 759 unde
529 693 715 758 initio
746 715 1263 782 processeramus
1283 745 1301 779 ,
1338 697 1420 761 ad
1452 696 1826 762 Columnam
1849 697 2044 778 Solis,
2076 721 2193 764 seu
2221 723 2447 789 rupem

320 798 683 887 ingentem,
717 817 915 882 quam
940 795 1111 861 inter
1146 797 1337 886 Alpes
1362 814 1429 862 et
1449 798 1538 863 ad
1563 799 1778 863 fontes
1805 797 2108 864 Rhodani
2139 800 2208 864 in
2243 801 2448 866 nubes

322 921 531 986 usque
552 896 829 962 subduci
851 896 1278 964 adfirmabant
1300 916 1544 964 veteres
1567 899 1784 964 Gauiae
1804 901 2030 990 populi
2052 900 2449 966 Rhodanum

322 997 717 1081 adcolentes,
747 999 1103 1085 praesertim
1129 999 1412 1088 Ligures.
1441 1002 1628 1065 Hanc
1649 1001 1800 1088 quia
1823 999 2124 1066 dicebant
2151 1002 2452 1067 meridia-

324 1121 485 1162 num
520 1097 720 1162 solem
738 1146 756 1178 ,
790 1098 909 1164 ubi
942 1101 1435 1189 septemtriones
1470 1100 1636 1182 adit,
1677 1103 2028 1185 occultare,
2066 1103 2256 1192 plane
2289 1105 2454 1170 mihi

322 1198 627 1264 videntur
649 1200 783 1264 istae
808 1217 1031 1289 gentes
1059 1202 1227 1289 ipsas
1252 1203 1445 1291 Alpes
1464 1251 1483 1285 ,
1513 1201 1752 1290 quibus
1780 1203 2303 1287 includebantur,
2329 1227 2452 1294 pro

324 1301 461 1366 istis
497 1301 833 1365 montibus
872 1300 1212 1384 babuisse,
1246 1305 1359 1391 qui
1398 1327 1477 1368 ex
1515 1305 1959 1392 antiquissima
1995 1307 2454 1395 superstitione

324 1403 575 1492 plagam
626 1401 801 1465 orbis
836 1418 1021 1467 terrae
1066 1404 1489 1470 meridianam
1524 1422 1588 1471 et
1631 1407 2216 1493 septemtrionalem
2233 1455 2252 1488 ,
2299 1429 2452 1471 cum

326 1504 531 1593 iisque
557 1501 811 1568 dierum
835 1505 1259 1594 noctiumque
1286 1507 1491 1594 spatia
1507 1555 1526 1589 ,
1554 1506 1839 1572 dividere
1867 1505 2300 1571 credebantur
2321 1507 2452 1596 (1);

328 1621 575 1693 partem
618 1621 836 1669 autem
884 1627 1025 1670 earn
1072 1606 1333 1694 Alpium
1352 1656 1371 1689 ,
1413 1631 1562 1696 quae
1603 1608 1727 1672 sibi
1772 1624 2054 1674 extrema
2094 1607 2455 1694 videbatur,

330 1707 702 1773 Columnam
737 1707 929 1789 Solis,
965 1709 1009 1773 i.
1053 1731 1110 1773 e.
1166 1725 1405 1774 metam
1448 1709 1798 1799 adpellasse
1816 1758 1835 1792 ,
1880 1711 2026 1799 quia
2073 1709 2453 1791 credebant,

326 1810 506 1874 hune
548 1809 899 1874 terminum
946 1831 1085 1874 esse
1128 1832 1357 1876 cursus
1396 1812 1550 1876 solis
1593 1811 1965 1888 meridiani,
2003 1834 2136 1899 quo
2171 1827 2343 1876 tacto
2385 1811 2454 1874 in

326 1928 537 1998 partes
558 1911 1113 1999 septemtrionales
1145 1909 1446 1977 flecteret.
1474 1913 1732 1976 Etenim
1757 1911 1928 1977 idem
1957 1913 2064 1976 isti
2090 1913 2214 1976 hac
2239 1910 2457 1999 adpel-

324 2011 563 2075 latione
600 2010 959 2100 significare
994 2012 1345 2077 voluerunt
1361 2061 1378 2094 ,
1420 2012 1601 2100 quod
1639 2012 1780 2093 alii,
1828 2013 1942 2101 qui
1983 2011 2176 2077 finem
2223 2010 2454 2076 mundi

326 2111 673 2177 occiduum
700 2112 954 2178 Atlanta
987 2129 1279 2178 montem
1304 2135 1441 2178 esse
1466 2112 1804 2180 credentes
1821 2161 1842 2194 ‚
1870 2114 2052 2179 hunc
2081 2114 2452 2178 columnam

328 2223 656 2304 magnam,
688 2215 792 2278 vel
820 2235 1003 2278 axem
1038 2237 1177 2280 esse
1210 2214 1550 2300 dixerunt,
1587 2238 1786 2305 quem
1818 2217 2062 2283 circum
2093 2215 2246 2281 solis
2280 2217 2454 2281 orbis

327 2332 703 2384 verteretur.
736 2317 1049 2401 Avienus,
1083 2320 1308 2385 Deser.
1344 2319 1504 2386 Orb.
1539 2342 1598 2385 v.
1637 2341 1797 2386 100:

684 2523 1261 2542 .................
1298 2490 1398 2546 Hic
1425 2504 1593 2546 tumet
1618 2494 1761 2547 Atlas

677 2568 891 2623 Arduus
909 2610 925 2636 ,
952 2568 1044 2624 hic
1071 2570 1209 2624 duro
1237 2584 1518 2646 torquetur
1542 2576 1760 2631 cardine
1787 2577 1972 2631 celum
1993 2618 2008 2644 ,

682 2652 749 2706 Et
773 2653 1107 2708 circumfusis
1130 2655 1351 2709 vestitur
1371 2658 1606 2711 nubibus
1633 2658 1764 2712 axis.

328 2840 454 2905 Ubi
472 2841 623 2904 axis
638 2838 813 2903 idem
830 2861 907 2904 ac
925 2839 1225 2904 columna
1245 2854 1359 2904 est.
1386 2839 1485 2903 De
1505 2839 1776 2903 Artabro
1788 2886 1806 2920 ,
1825 2854 2116 2903 extremo
2135 2840 2458 2927 Hispaniae

330 2940 813 3030 promontorio,
839 2940 1087 3007 Plinius
1102 2988 1121 3023 ,
1147 2938 1325 3004 haud
1350 2939 1548 3004 dubie
1572 2962 1609 3003 e
1632 2955 2038 3003 vetustorum
2063 2938 2456 3026 scriptorum

332 3044 645 3109 sententia
662 3090 681 3123 ‚
708 3041 931 3107 scribit
954 3042 1068 3107 lib.
1093 3043 1208 3125 IV,
1237 3064 1291 3107 c.
1332 3064 1434 3122 αι,
1462 3040 1626 3105 illud
1653 3055 1846 3105 terras
1861 3086 1881 3119 ,
1913 3040 2122 3103 maria
2147 3052 2210 3105 et
2233 3040 2460 3105 coelum

330 3147 779 3210 disterminare.
806 3135 971 3226 Qnae
1005 3145 1201 3209 verba
1238 3146 1332 3209 sic
1364 3145 1635 3233 explicat
1665 3142 1927 3207 Salmas.
1949 3142 2172 3206 Exere.
2209 3142 2291 3207 ad
2325 3142 2453 3207 Sol.

333 3269 397 3336 p.
430 3245 547 3334 195
572 3270 587 3311 t
622 3276 649 3301 ι
666 3246 846 3310 Finit
866 3246 1189 3335 Hispanioe
1216 3245 1415 3329 latus,
1442 3248 1536 3311 sic
1563 3262 1762 3312 terras
1792 3242 2038 3309 dividit.
2079 3244 2276 3308 Maria
2303 3266 2458 3309 vero

402 3494 480 3563 (r)
512 3492 702 3545 Insunt
728 3488 963 3563 ejusdem
990 3488 1253 3561 opinionis
1278 3490 1495 3563 vestigia
1533 3490 1590 3544 in
1625 3487 1994 3563 Argonauticis
2028 3486 2199 3559 Orph.
2231 3504 2460 3558 quorum

335 3588 525 3629 auctor
550 3574 862 3629 Cimmerios
880 3572 1101 3645 Alpibus
1122 3590 1153 3626 a
1178 3575 1555 3645 septemtrione
1581 3574 1781 3628 vicinos
1811 3570 1963 3637 facit,
1991 3580 2041 3623 et
2069 3568 2290 3622 limitem
2325 3570 2462 3624 inter

330 3660 605 3713 Oceanum
618 3656 1015 3713 occidentalem
1040 3668 1091 3710 et
1104 3656 1398 3710 Chronium
1424 3660 1576 3731 ponit
1591 3654 2014 3731 promontorium
2043 3654 2094 3707 in
2121 3652 2276 3707 litore
2296 3654 2464 3708 Ache—

333 3742 509 3797 rontio
532 3761 597 3797 ex
614 3742 838 3815 Alpibus
864 3740 1105 3795 ductum.
1122 3740 1252 3795 Vid.
1283 3741 1343 3793 C.
1362 3742 1426 3794 Τ.
1458 3742 1528 3796 G.
1567 3738 1966 3796 Sehoenemanni
1991 3736 2330 3810 Geographia
2367 3740 2464 3792 Ar·

334 3840 547 3899 gomut.
566 3844 622 3899 p.
646 3842 712 3893 ²9
740 3838 791 3879 et
811 3827 898 3880 38.
912 3827 1113 3897 ,Neque
1138 3823 1327 3878 dubito
1342 3862 1357 3888 ,
1376 3826 1510 3897 quin
1529 3837 1886 3879 commentum
1904 3833 2178 3894 poetarum
2193 3862 2208 3886 ,
2235 3822 2464 3877 Cimme-

332 3911 443 3965 rios
472 3908 742 3983 perpetuis
767 3908 1045 3963 damnatos
1084 3907 1313 3961 tenebris
1344 3906 1697 3978 fingentium,
1736 3926 1800 3962 ex
1842 3906 2056 3977 antiqua
2090 3902 2176 3957 illa
2213 3904 2465 3976 opinione

335 3991 577 4047 ducenda
598 3994 670 4047 sit
690 4032 706 4059 ,
746 3992 873 4065 quin
892 4030 908 4057 ,
952 4010 1119 4063 quum
1152 3990 1380 4064 populo·
1408 3988 1621 4045 dimidii
1648 3990 1791 4045 orbis
1833 4008 1945 4044 esse
1973 3986 2278 4054 crederent,
2318 3988 2464 4061 apud

335 4096 473 4149 quos
498 4078 579 4131 sol
619 4088 801 4151 ageret
834 4077 936 4131 nub
964 4076 1108 4132 horis
1142 4074 1445 4139 nocturnis,
1488 4074 1574 4129 his
1613 4075 1770 4127 etiam
1811 4073 1984 4126 noetis
2027 4085 2080 4124 et
2123 4071 2460 4125 tenebrarum

336 4161 514 4217 sedem
536 4158 902 4233 adsignabnnt.

1373 4333 1411 4377 N
