2996 4685
815 431 948 498 DE
1004 432 1086 498 R.
1136 431 1452 498 FESTO
1515 429 1920 498 AVIENO.
2346 453 2425 496 21

307 557 658 622 admodum
703 558 1174 624 adolescentem
1221 559 1418 624 fuisse
1457 557 1676 648 prodit
1701 557 1796 645 (1)
1816 607 1833 639 ,
1862 574 1961 639 et,
1997 556 2179 645 quod
2226 579 2435 621 unum

307 663 710 750 alterumque
758 684 838 727 ex
880 663 1015 745 his,
1047 686 1213 752 quos
1253 664 1321 728 in
1373 679 1614 728 coetum
1652 663 1859 752 cogit,
1892 677 2073 726 εει-ηε
2114 662 2435 726 minorem

309 770 548 832 caeteris
595 770 1086 858 interposuerit,
1132 771 1268 859 ipse
1323 769 1448 835 sub
1494 771 1755 834 initium
1802 769 1951 832 libri
1999 785 2260 832 excusat
2304 767 2439 856 (a),

307 873 463 938 hinc
493 875 658 939 ratio
693 875 844 940 satis
873 875 1108 941 idonea
1142 876 1363 942 adesse
1384 876 1662 960 videtur,
1686 892 1763 940 ut
1784 876 2098 938 Avienum
2120 875 2439 940 Macrobii

305 1002 428 1068 pro
457 979 589 1045 filio
621 982 824 1046 nostri
841 1029 861 1064 ,
887 999 1060 1048 certe
1087 1006 1208 1072 pro
1231 984 1493 1066 juniore
1517 999 1583 1048 et
1604 982 1858 1047 diverso
1882 981 2253 1046 habeamus,
2280 982 2444 1045 Can-

304 1086 666 1176 negieterus
693 1087 785 1177 (3)
812 1111 890 1152 ex
918 1088 1140 1154 eadem
1170 1088 1599 1154 adolescentia
1621 1087 2019 1154 Macrobiani
2042 1086 2268 1152 Avieni
2292 1107 2437 1175 pro·

303 1191 456 1257 bare
511 1193 883 1278 contendit,
925 1195 1104 1260 hunc
1153 1195 1343 1260 etiam
1395 1195 1725 1260 diversum
1776 1195 1973 1260 fuisse
2026 1192 2108 1257 ab
2152 1193 2441 1274 Avien0,

305 1319 500 1386 quem
531 1299 791 1365 Servius
832 1301 900 1364 in
951 1302 1432 1366 commentariis
1469 1300 1551 1366 ad
1586 1301 1811 1389 virgil.
1850 1301 2042 1382 citat,
2076 1299 2437 1387 nititurque

304 1404 578 1469 maxime
609 1405 688 1470 iis
721 1407 879 1470 locis
915 1407 1264 1488 Macrobii,
1292 1408 1535 1496 quibus
1570 1407 1850 1486 Avien0,
1881 1406 2064 1494 quasi
2101 1404 2437 1494 discipuli,

300 1509 523 1574 Servio
570 1510 853 1577 doctoris
898 1535 972 1576 ac
1022 1515 1430 1603 praeceptoris
1467 1529 1679 1603 partes
1714 1512 1973 1595 tribuit,
2008 1512 2433 1599 Serviumque

301 1615 382 1680 ab
407 1617 544 1682 aliis
567 1617 1135 1711 confabulantibus
1155 1668 1174 1702 ,
1199 1636 1276 1683 ut
1303 1619 1641 1684 Eustathio
1672 1633 1739 1683 et
1764 1618 2157 1707 Symmacho
2172 1666 2192 1699 ,
2214 1617 2437 1681 docto-

300 1741 439 1784 rum
473 1725 830 1788 maximum
845 1773 868 1804 ,
901 1737 964 1787 et
986 1727 1226 1811 priscos
1247 1737 1657 1814 proeceptores
1697 1723 1993 1788 doctrina
2022 1735 2433 1812 praestantem

299 1824 608 1913 adpellari
633 1829 784 1892 facit
809 1829 926 1916 (4).
950 1829 1143 1893 Unde
1166 1830 1272 1893 ille
1297 1852 1503 1917 quum
1525 1829 1655 1893 hoc
1676 1827 1984 1918 adparere
2005 1842 2193 1916 putat
2212 1875 2229 1908 ,
2256 1827 2439 1890 Avie-

301 1951 462 1992 num
501 1946 574 1994 ut
608 1931 935 2014 doctrina,
973 1935 1059 1998 ita
1095 1949 1280 1998 {etate
1321 1934 1517 2023 longe
1561 1934 1881 1998 minorem
1926 1934 2125 1997 fuisse
2171 1933 2393 1998 Servio
2418 1978 2439 2011 ,

299 2051 440 2098 tum
478 2037 640 2103 illud
683 2040 874 2104 etiam
893 2087 912 2121 ,
945 2040 1144 2104 alium
1177 2063 1314 2108 esse
1347 2061 1383 2102 a
1420 2039 1643 2104 Servio
1679 2039 1745 2103 in
1782 2039 2261 2102 commentariis
2291 2039 2433 2101 lau·

299 2139 524 2206 datum
546 2189 565 2223 ,
595 2145 708 2232 qui
755 2167 905 2208 eum
949 2168 1085 2208 non
1123 2162 1454 2234 tamquam
1489 2146 1797 2233 aequalem
1818 2191 1838 2226 ,
1872 2143 1987 2209 sed
2032 2166 2101 2209 se
2148 2145 2437 2232 priorem

299 2263 366 2312 et
398 2251 825 2339 antiquiorem
861 2253 1034 2317 citet.
1071 2251 1198 2318 Sed
1230 2275 1625 2340 quamquam
1658 2253 1789 2316 hoc
1824 2253 1998 2316 ultro
2032 2250 2435 2316 adsentimur

300 2357 771 2445 Cannegietero
791 2404 810 2439 ,
837 2358 1158 2422 Avienum
1183 2406 1200 2433 ‚
1227 2380 1423 2446 quem
1461 2358 1721 2422 Servius
1756 2358 1942 2439 citet,
1976 2358 2117 2445 ipso
2147 2357 2442 2445 priorem'

297 2475 364 2523 et
412 2462 840 2550 antiquiorem
894 2485 1066 2545 esse,
1100 2462 1259 2527 iuud
1311 2480 1527 2527 tamen
1568 2463 1784 2527 minus
1823 2478 1994 2527 reete
2032 2462 2214 2543 facit,
2248 2460 2429 2550 quod

299 2566 622 2631 Avienum
681 2568 1028 2649 Macrobii,
1091 2570 1178 2633 ob
1239 2570 1663 2633 reverentiam
1730 2568 1985 2649 Servio,
2046 2584 2121 2632 ut
2177 2567 2436 2633 doctori

298 2692 571 2761 magun,
632 2672 981 2737 exhibitam
1001 2721 1020 2754 ,
1077 2689 1260 2762 putat
1332 2696 1410 2737 eo
1481 2674 1804 2737 minorem
1861 2674 2321 2760 junioremque
2392 2696 2429 2735 a

295 2774 632 2841 Macrobio
677 2777 1003 2843 declarari.
1052 2777 1292 2842 Eadem
1345 2779 1656 2843 doctrinae
1711 2779 1915 2869 elogia
1936 2827 1955 2861 ,
2006 2777 2431 2866 eamdemque

297 2884 744 2947 auctoritatem
761 2931 780 2965 ,
827 2906 1024 2972 quam
1069 2885 1354 2949 Avienus
1405 2884 1813 2967 adolescens,
1858 2884 2146 2949 seniores
2203 2885 2393 2949 amici
2411 2934 2429 2961 ‚

297 2987 761 3075 Symmachus,
793 2990 1168 3073 Flavianus,
1207 2990 1473 3078 ipseque
1507 3014 1617 3054 rex
1650 2990 1927 3056 convivii
1963 2991 2217 3055 Vettius
2254 2990 2427 3053 Prae-

297 3107 576 3159 textatus
590 3143 608 3176 ,
629 3096 728 3159 vir
747 3094 1101 3161 admodum
1123 3096 1389 3161 illustris
1414 3111 1478 3160 et
1498 3096 1868 3185 Symmachi
1890 3096 2183 3184 aequalis,
2205 3096 2429 3159 Servio

299 3196 630 3280 tribuunt,
651 3216 714 3263 et
743 3200 920 3287 quod
948 3217 1200 3265 aetatem
1227 3200 1506 3289 adtinet,
1522 3200 1744 3265 eadem
1766 3250 1785 3283 ,
1804 3224 1951 3289 quae
1967 3201 2245 3281 Avien0‚
2268 3199 2431 3263 ado-

297 3300 600 3365 lescentia
653 3319 720 3365 et
769 3304 1082 3370 modestia
1141 3307 1451 3371 tribuitur
1506 3306 1727 3371 Servio
1782 3306 1914 3393 (5),
1962 3321 2041 3368 ut
2085 3320 2257 3369 certe
2306 3326 2429 3392 pro

369 3543 448 3612 (a)
481 3543 692 3597 Saturn-
721 3542 814 3595 lib.
836 3544 946 3610 VI,
979 3564 1092 3617 cap.
1115 3564 1166 3617 7,
1193 3560 1244 3600 et
1257 3548 1366 3599 vn
1385 3588 1400 3612 ,
1429 3567 1541 3621 cap.
1568 3551 1614 3603 3.

373 3656 450 3722 (ι)
487 3655 694 3709 Satura.
725 3656 820 3709 lib.
847 3656 906 3722 1,
934 3674 1050 3728 cap.
1081 3678 1126 3711 1.

369 3770 448 3839 (3)
483 3770 621 3825 Diu.
651 3770 722 3825 de
746 3784 899 3826 atate
922 3782 974 3825 et
1000 3772 1138 3844 stylo
1159 3775 1378 3842 Aviani,
1403 3794 1521 3849 cap.
1557 3796 1603 3828 ι.

371 3876 450 3946 (4)
485 3876 602 3929 Lib.
617 3878 727 3945 v1,
753 3897 868 3952 cap.
895 3900 958 3951 73
984 3880 1079 3933 lib.
1107 3882 1162 3948 1,
1189 3900 1308 3954 cap.
1339 3891 1425 3949 24.

369 3988 445 4056 (5)
480 3988 854 4059 Expendantur
877 3993 1038 4046 verba
1059 3992 1172 4045 haec
1191 3992 1480 4059 Macrobii,
1508 3992 1601 4069 lib,
1619 3994 1754 4061 VII,
1784 4015 1906 4068 cap.
1932 4014 1988 4048 11
2008 4036 2024 4062 ,
2060 3996 2220 4051 initio
2243 4016 2255 4049 :
2296 4023 2319 4045 ι
2338 4000 2431 4053 His

302 4074 492 4141 dictis,
527 4096 694 4148 quum
751 4080 816 4133 ad
859 4081 1292 4153 interrogandum
1335 4081 1470 4135 ordo
1505 4084 1749 4137 'Servium
1788 4086 1899 4157 jam
1938 4098 2172 4152 vocaret,
2206 4089 2434 4142 naturali

299 4180 514 4237 pressus
541 4164 630 4218 ille
673 4168 988 4222 verecundia
1018 4189 1186 4242 usque
1213 4169 1285 4223 ad
1318 4169 1669 4241 proditionem
1697 4171 1889 4227 coloris
1924 4173 2156 4226 erubuit.
2196 4174 2261 4227 Et
2292 4176 2441 4229 Disa-
