2996 4685
547 420 640 492 50
779 423 906 490 DE
952 421 1352 492 SCRIP‘DIS
1401 423 1714 494 AVIENI
1764 427 1971 500 DUB.
2024 429 2137 496 ET
2184 428 2434 498 SPUR.

543 549 802 636 nio(.1),
831 565 1078 616 aetatem
1111 572 1245 615 non
1277 553 1621 618 convenire
1644 569 1838 641 ,putat
1856 601 1875 635 ,
1920 555 2133 642 quod,
2162 557 2273 644 qui
2296 558 2421 628 sub
2439 557 2686 622 valen«

542 656 767 722 tiniani
803 657 835 718 1
881 656 1154 743 imperio
1195 677 1416 727 senem
1460 679 1529 722 se
1563 680 1832 747 aevoque
1858 660 2223 749 gravionem
2263 654 2667 752 profiteatur,

541 762 714 828 idem
739 758 862 830 sub
881 760 1288 844 Theodosio,
1305 787 1517 850 ,quum
1546 764 1914 832 Macrobius
1941 767 2247 834 scriberet
2270 769 2625 840 Saturnalia
2644 817 2665 850 ,

533 871 787 951 juvenis
813 889 960 933 ¹esse
993 891 1128 932 non
1149 870 1464 956 potuerit.
1510 871 1651 936 Nos
1686 872 1803 960 qui
1834 893 2027 960 supra
2054 873 2318 942 Festum
2346 873 2673 941 aurianum-

537 976 1004 1064 antiquiorem,
1043 996 1238 1060 quam
1277 976 1589 1039 hactenus
1638 977 2066 1041 existimatum
2111 995 2241 1059 est,
2279 979 2665 1068 pronuntia-

533 1083 744 1146 vimus
765 1131 784 1162 ,
822 1097 888 1143 et
911 1079 1226 1146 Avienum
1259 1079 1575 1146 Macrobii
1602 1082 1798 1146 alium
1834 1083 1915 1146 ab
1952 1105 2031 1146 eo
2065 1097 2131 1146 et
2168 1083 2505 1166 juniorem
2530 1106 2665 1171 pu-

535 1208 776 1272 tamus,
807 1211 922 1279 per
949 1205 1200 1254 aetatem
1226 1187 1490 1277 quidem
1516 1190 1764 1258 Rufum
1790 1193 2057 1256 Festum
2073 1240 2091 1273 ,
2116 1191 2417 1256 Breviarii
2440 1208 2665 1258 aucto-

533 1321 703 1378 rem,
730 1293 1148 1362 concedimus
1183 1319 1317 1362 non
1345 1297 1709 1378 sejunctum
1737 1297 1819 1362 ab
1846 1299 2032 1382 Eesto
2056 1299 2305 1364 Avieno
2324 1321 2513 1380 -esse,
2546 1298 2662 1364 sed

533 1421 747 1470 tamen
786 1400 1088 1468 eumdem
1121 1423 1258 1466 esse
1308 1401 1477 1470 hanc
1520 1403 1796 1473 maxime
1840 1403 1929 1471 ob
1971 1424 2259 1470 caussam
2310 1425 2659 1492 negamus,

535 1508 714 1598 quod
749 1509 977 1574 Festus
1008 1507 1292 1575 Avienus
1329 1507 1575 1595 ubique
1613 1525 1687 1571 ut
1715 1507 2107 1573 versificator
2138 1525 2202 1572 et
2227 1509 2661 1596 plurimorum

529 1630 757 1680 auctor
793 1614 1153 1678 carminum
1166 1662 1185 1695 ,
1221 1613 1402 1678 nullo
1427 1629 1647 1682 autem
1666 1615 1914 1702 scripto
1937 1615 2231 1703 prosaico
2258 1613 2489 1696 clarus,
2515 1637 2663 1703 per-

530 1721 812 1786 hibetur.
864 1719 949 1782 Et
987 1715 1250 1782 Festum
1287 1715 1669 1785 historicum
1704 1719 1941 1785 rectius
1958 1742 2088 1808 ¹pro
2116 1741 2197 1782 eo
2222 1719 2418 1784 Festo
2453 1719 2657 1784 habe-

531 1850 706 1908 mus,
729 1847 924 1914 quem
943 1840 1102 1913 =post:
1130 1824 1378 1911 Syriam
1405 1823 1913 1891 administratam
1948 1840 2015 1888 et
2048 1825 2489 1915 Mag-isterium
2516 1847 2656 1892 me-

527 1935 746 2002 moriae
787 1947 1036 2021 gestum
1091 1954 1127 1994 a
1171 1931 1440 1996 Valente
1481 1932 1650 2020 Imp.
1684 1932 1767 2001 ad
1805 1931 2153 2022 regendam
2200 1931 2653 2002 Proconsulari

523 2058 838 2131 potestate
863 2039 1078 2104 Asiam
1091 2055 1503 2126 promotum,
1526 2039 1642 2106 sed
1664 2041 1886 2108 multis
1900 2055 2102 2128 ,praye
2126 2039 2307 2106 factis
2330 2038 2653 2129 insignem

524 2149 755 2228 fuisse,
789 2147 1004 2212 Amm.
1029 2143 1559 2230 Marcellinussp)
1605 2167 1755 2212 cum
1796 2145 1933 2209 aliis
1978 2161 2332 2226 memorat„
2372 2161 2437 2210 et
2465 2143 2652 2224 cujus

523 2273 718 2340 supra
773 2251 906 2330 jam
949 2249 1375 2312 ‘mentionem
1441 2249 1737 2318 fecimus.
1797 2249 1976 2315 Vidit
2032 2249 2163 2316 hoc
2216 2267 2293 2315 -et
2350 2251 2651 2353 ..protavit

523 2362 604 2425 H.
629 2355 952 2437 Valesius,
980 2355 1048 2417 in
1080 2352 1300 2419 adnot.
1324 2354 1406 2420 ad
1429 2354 1677 2421 dictum
1704 2357 1923 2422 locum
1950 2354 2343 2439 Marcellini,
2368 2380 2650 2445 eumque

521 2464 756 2529 Christ.
773 2460 1090 2527 Cellarius
1121 2458 1195 2521 in
1217 2457 1503 2527 secunda
1526 2460 1700 2527 Sexti
1734 2459 1880 2525 Rufi
1910 2460 2194 2530 editione
2215 2510 2232 2543 ‚
2264 2464 2406 2536 Hal.
2430 2464 2606 2549 1698
2628 2510 2649 2544 ,

522 2586 838 2659 sequutus
861 2582 979 2631 est.
1003 2566 1244 2653 Praeter
1267 2581 1519 2633 aetatem
1536 2566 1734 2654 ,plane
1757 2584 2221 2657 congruentem
2234 2570 2421 2649 juvat
2441 2569 2649 2655 inpri-

519 2677 641 2743 mis
671 2673 904 2744 Valesii
935 2672 1318 2738 sententiam
1345 2720 1363 2753 ‚
1407 2671 1589 2759 quod
1614 2673 1691 2737 in
1724 2672 1957 2761 Msptis
1988 2674 2451 2761 antiquissimis
2482 2674 2655 2743 Festa·

519 2782 858 2849 Dictatore&
890 2778 1275 2842 Breviarium
1307 2793 1636 2843 exaratum
1670 2793 1797 2858 est,
1826 2794 1901 2844 ut
1934 2779 1999 2842 in
2046 2780 2217 2845 notis
2262 2780 2346 2844 ad
2364 2780 2647 2844 Victoris

519 2889 865 2976 Epitomen
895 2898 1173 2949 testatus
1221 2899 1318 2949 est
1353 2882 1559 2948 Andr.
1583 2884 1910 2951 Schottus.
1939 2884 2137 2968 Quod
2162 2886 2347 2960 ,enim
2384 2886 2651 2952 Marcel-

519 2996 690 3061 linus
737 2992 892 3055 dicit
927 2990 1195 3060 Festum
1223 2989 1673 3078 Magisterium
1724 2990 2049 3056 memoriae
2096 3006 2247 3055 ante
2285 2990 2649 3061 Proconsu—

519 3104 720 3167 latum
755 3095 1056 3187 gessisse,
1081 3095 1147 3160 id
1181 3118 1314 3161 non
1347 3094 1524 3161 aliud
1554 3092 1846 3165 officium
1874 3112 2010 3176 est,
2038 3116 2233 3183 quam
2267 3096 2643 3177 metatoris,

519 3208 632 3297 qui
649 3206 806 3271 alias
829 3202 1075 3267 dictare
1105 3202 1199 3268 ad
1219 3203 1673 3267 memoriam.et
1698 3224 1901 3289 graece
1918 3212 2243 3283 ἀντιγραφεὺς
2264 3201 2503 3275 dieitur
2524 3202 2641 3291 (3).

590 3419 670 3483 (1)
706 3414 770 3466 In
789 3412 924 3465 Bibl.
945 3423 1050 3463 vet.
1069 3408 1220 3481 Hisp.
1241 3408 1337 3461 lib.
1362 3408 1446 3473 11,
1483 3427 1597 3480 cap.
1619 3426 1681 3477 9,
1708 3427 1831 3481 pag.
1862 3413 1977 3461 161.

590 3533 668 3599 (α)
702 3528 820 3581 Lib.
847 3524 1032 3579 XXIX
1054 3565 1071 3592 ‚
1109 3543 1223 3596 cap.
1248 3544 1304 3589 ι,
1324 3542 1444 3597 pag.
1466 3526 1591 3577 612.

583 3644 662 3711 (3)
695 3641 802 3708 Qui
841 3638 1126 3695 editionem
1167 3640 1406 3691 Bmian‘i
1451 3657 1613 3691 mrum
1630 3652 1895 3707 ,gestarum
1932 3642 2104 3708 populi
2138 3643 2275 3693 Rom.
2324 3655 2358 3689 a
2398 3637 2641 3693 Fabricio

513 3740 860 3787 memoratam
879 3764 895 3792 ,
927 3726 1129 3781 curavit
1147 3764 1163 3789 ,
1190 3744 1311 3798 quo
1332 3726 1438 3779 sub
1458 3725 1623 3779 *titulo
1652 3730 1792 3781 Sami
1802 3766 1817 3788 ,
1854 3726 1971 3781 sive
1987 3728 2257 3795 Festi-Rufi,
2278 3724 2351 3777 V.
2383 3726 2446 3779 C.
2470 3729 2639 3785 Diom-

506 3826 622 3874 ιον-ἒς
639 3820 875 3891 Magistri
896 3818 1096 3871 milium
1114 3814 1557 3887 pmdidifflrugis
1572 3851 1588 3879 ,
1614 3814 1837 3871 exeoffic.
1852 3814 2215 3873 Hub.¹Golt2ii
2234 3852 2251 3879 ‚
2288 3814 2419 3873 *585
2438 3850 2456 3879 ,
2486 3815 2601 3873 iti-8
2620 3854 2637 3879 ‚

507 3910 550 3963 is
577 3908 726 3963 haud
754 3906 916 3961 dubie
944 3902 1466 3961 Dioutoristi-tnlun
1481 3922 1515 3956 e
1540 3902 1911 3976 Msptofquod
1930 3901 2175 3961 ‚diximus
2192 3942 2208 3967 ,
2244 3902 2393 3974 petiit
2412 3942 2428 3968 ,
2452 3901 2637 3961 aimuh

507 4017 616 4073 que
653 3994 724 4053 ad
756 3993 1297 4054 Mamuinioloeum
1337 3990 1806 4064 quiMagioterium
1828 3991 1985 4047 Festo
2017 3989 2233 4056 taibnit,
2251 3988 2636 4061 respexit30ed

505 4097 670 4159 quum
689 4127 704 4149 ‚
719 4085 876 4157 quale
901 4084 1006 4137 hoc
1029 4093 1163 4139 esset
1181 4100 1330 4149 ,von
1354 4080 1699 4152 intelligeret,
1724 4080 1917 4133 mirum
1948 4076 2070 4135 iude
2096 4078 2635 4139 officium-Dictatoris

505 4176 742 4249 Magistri
766 4175 990 4228 militum
1019 4170 1257 4231 excudit,
1280 4168 1428 4241 quod
1449 4180 1590 4223 certe
1614 4186 1643 4221 a
1666 4156 1805 4219 Festi
1832 4179 1985 4219 atate
2007 4165 2527 4225 alienissimumsuit.
