2996 4685
799 404 1409 472 DESCRIPTIO
1471 402 1773 469 ORBIS
1840 402 2216 470 TERRAE.

541 528 895 619 suspectat
932 550 1152 594 roseas
1193 530 1470 595 Aurorae
1510 523 1740 593 matris
1776 524 2088 593 habenas.

2446 398 2579 495 173

545 640 704 705 Pars
746 661 894 729 quae
931 662 1182 729 cyaneo
1219 634 1503 705 discedit
1542 636 1627 703 ab
1665 660 1963 729 aequore,
2006 650 2259 729 septem
2507 661 2585 712 ³70

447 845 580 900 dum
618 847 848 919 requiri;
896 860 1057 920 atque
1093 847 1227 901 adeo
1265 848 1478 911 Aratus,

447 926 627 980 Phaon.
651 946 698 979 v.
729 928 848 991 534.
879 925 1127 981 Indidem
1147 946 1277 981 vero
1300 937 1445 998 patet
1461 965 1476 990 ,

447 1005 584 1077 quid
615 1006 958 1063 tribuendum
1000 1007 1066 1060 sit
1094 1007 1264 1081 pejori
1305 1010 1477 1080 conje-

449 1098 607 1139 cturae
619 1128 635 1153 ,
652 1104 814 1159 quam
835 1086 1056 1159 protulit
1075 1086 1130 1138 in
1149 1085 1284 1140 notis
1302 1084 1475 1138 inedi-

449 1164 514 1217 tis
536 1162 604 1217 ad
629 1167 816 1219 Avien.
838 1166 871 1219 l.
897 1184 945 1219 c.
979 1192 1004 1212 κ
1022 1165 1269 1239 Namque
1292 1165 1475 1217 Atlan-

449 1256 533 1296 teo
550 1246 846 1298 ».-Etiam
875 1246 1131 1297 Timoneas
1150 1245 1316 1299 edidit
1334 1246 1472 1299 Vad.

522 1324 646 1391 369.
671 1330 926 1393 Suspectat
942 1345 1110 1377 roseas
1130 1332 1340 1377 Aumroe
1365 1346 1474 1377 ma·

449 1408 535 1455 τῆς
552 1408 790 1458 habenas.
815 1406 1036 1477 Dionys.
1060 1426 1112 1460 v,
1140 1406 1242 1459 250
1263 1424 1277 1457 :
1300 1408 1475 1461 ἀντέλ-

447 1492 629 1540 λουσαν
672 1488 752 1544 ἰὴν
801 1488 1085 1549 ἀσπάζεται
1123 1478 1228 1541 Ἠῶ.
1271 1484 1477 1540 Salutat

451 1563 766 1617 exorientem
789 1576 1012 1619 manem
1029 1584 1179 1619 suam
1195 1567 1473 1621 Auroram.

451 1642 715 1714 Loquitur
748 1642 816 1696 de
852 1648 1024 1697 statua
1059 1644 1360 1697 Memnonis
1395 1663 1478 1698 sa·

451 1740 574 1787 xea,
599 1722 772 1775 forma
803 1723 1026 1787 colossi,
1053 1742 1170 1795 quse
1195 1736 1306 1776 erat
1330 1724 1475 1776 The·

453 1800 535 1853 bis
567 1801 814 1873 AEgyptiis
849 1804 904 1855 in
950 1803 1146 1873 templo
1189 1802 1474 1874 Serapidis.

453 1880 682 1945 Plinius,
715 1880 807 1933 lib.
837 1880 1102 1947 xxxvl,
1137 1900 1181 1933 c.
1203 1900 1266 1951 7:
1301 1908 1326 1927 ι
1347 1901 1476 1953 quo-

456 1955 658 2011 tidiano
685 1960 811 2011 solis
840 1972 958 2011 ortu
992 1972 1288 2014 contactum
1318 1957 1498 2014 radiis'

457 2056 674 2109 crepare
699 2037 884 2090 dicunt
901 2064 945 2091 ιι.
965 2039 1209 2104 Tacitus,
1235 2044 1369 2092 Ann.
1399 2041 1476 2106 11,

457 2120 521 2169 61
544 2133 559 2168 :
603 2144 628 2164 a
654 2118 914 2172 Caeterum
959 2118 1312 2171 Germanicus
1362 2119 1479 2173 aliis

453 2214 670 2269 quoque
683 2196 949 2251 miraculis
966 2196 1192 2249 intendit
1208 2199 1474 2253 animum:

453 2292 686 2346 quorum
709 2274 975 2349 praecipua
1007 2275 1153 2329 fuere
1180 2277 1478 2331 Memnonis

455 2375 606 2409 saxea
639 2355 844 2428 effigies
863 2394 879 2420 ,
911 2357 1006 2410 ubi
1038 2357 1198 2412 radiis
1223 2358 1348 2412 solis
1376 2358 1474 2412 icta

455 2447 563 2503 est,
590 2436 822 2489 vocalem
852 2454 1042 2490 sonum
1065 2436 1292 2490 reddens
1315 2463 1357 2491 ο.
1386 2439 1504 2493 Ju-.

457 2515 683 2581 venalis,
701 2514 828 2578 XV,
858 2515 887 2569 5
906 2535 920 2569 :
941 2543 967 2562 κ
986 2515 1221 2570 Dimidio
1262 2517 1480 2590 magicae

458 2607 706 2650 resonant
760 2594 854 2647 ubi
913 2597 1194 2650 Memnone
1237 2595 1479 2660 chordae,

459 2677 631 2747 Atque
668 2685 815 2727 vetus
851 2673 1036 2728 Thebe
1084 2687 1295 2728 centum
1346 2687 1482 2730 tacet

460 2755 649 2807 obruta
685 2754 852 2824 portis
875 2781 918 2806 a.
947 2753 1220 2824 Significat
1249 2756 1482 2808 sonitum

462 2837 602 2906 ejus,
623 2833 748 2888 solis
773 2833 934 2886 radiis
967 2834 1236 2906 percussi,
1257 2835 1480 2888 similem

459 2916 621 2967 fuisse
646 2911 857 2966 chordo
884 2912 939 2964 in
967 2913 1171 2967 cithara
1197 2931 1478 2986 percussa.

460 2994 633 3048 Vetus
653 2992 960 3046 scholiastes
983 2991 1204 3046 adnotat
1217 3031 1233 3056 ,
1255 3005 1482 3047 statuam

458 3075 628 3146 ipsam
659 3075 889 3128 tenuisse
908 3073 1188 3126 citharam.
1212 3073 1374 3139 Quod
1394 3095 1486 3127 au-

459 3163 564 3206 tem
595 3157 844 3206 dimidium
869 3166 1024 3207 vocat
1041 3153 1379 3207 Memnonem
1394 3194 1410 3219 ,
1430 3155 1485 3208 id

461 3233 686 3304 explicat
704 3233 890 3284 Strabo
907 3273 922 3298 ,
945 3233 1034 3285 lib.
1057 3233 1243 3298 xvn,
1269 3253 1324 3305 p.
1351 3236 1453 3288 816
1469 3273 1483 3297 ,

463 3312 786 3383 superiorem
803 3331 833 3363 a
862 3311 984 3364 sede
1013 3324 1216 3382 partem
1232 3315 1362 3384 ,ejus
1385 3327 1488 3366 sta·

464 3403 597 3456 tuoe,
631 3409 956 3456 memorans,
992 3401 1142 3442 terrie
1175 3404 1321 3444 motu
1365 3411 1483 3445 cor·

462 3471 650 3524 ruisse.
682 3469 968 3522 Pausanias
997 3468 1052 3520 in
1074 3470 1235 3522 Attic.
1256 3489 1370 3542 cap.
1394 3479 1483 3538 42,

463 3571 496 3606 a
522 3551 786 3623 Cambyse
806 3547 1124 3602 destructam
1151 3568 1262 3602 esse
1281 3561 1487 3616 narrat,

462 3644 516 3686 et
533 3631 808 3704 superiore
832 3639 982 3700 parte
1007 3627 1206 3699 dejecta
1225 3629 1486 3702 reliquum

463 3723 713 3764 truncum
741 3708 919 3762 adhuc
944 3706 1127 3761 sedere
1143 3747 1159 3770 ,
1175 3721 1224 3761 et
1249 3706 1487 3780 quotidie

465 3793 566 3844 sub
593 3802 766 3844 ortum
793 3788 918 3842 solis
943 3807 1133 3841 sonum
1155 3787 1327 3840 edere.
1349 3787 1486 3842 Wd.

466 3901 538 3911 —-
561 3876 814 3938 Suspectat
850 3887 1020 3920 roseas
1065 3873 1273 3920 Aurora
1320 3871 1490 3920 macris

466 3952 706 4001 habenas.
730 3951 914 3998 Roseus
939 3949 1082 4016 bigas
1113 3945 1282 4000 eidem
1304 3947 1491 4000 tribuit

467 4031 668 4080 Auson.
700 4025 936 4079 Perioch.
957 4027 1116 4079 xvu
1138 4027 1330 4099 Odyss.
1347 4039 1398 4079 et
1415 4021 1492 4077 rc-

467 4127 580 4160 seas
596 4108 869 4174 quadrigas
886 4105 1128 4159 Perioch.
1142 4107 1277 4158 vlu
1295 4104 1489 4179 Odyss.

469 4199 521 4240 et
541 4187 696 4259 Vin-g.
717 4185 818 4252 v1,
844 4185 944 4241 535
959 4225 976 4252 ‚
1001 4187 1134 4254 vll,
1163 4191 1249 4242 26.
1269 4187 1390 4241 Illic
1416 4199 1492 4240 ta-

1566 864 1687 899 men
1714 864 1864 916 poene
1887 863 2021 916 puer
2038 844 2299 915 corrigere
2325 845 2587 897 conabar:

1566 930 1761 977 Aurora
1789 927 1837 976 in
1868 924 2067 978 croceis
2088 924 2321 993 fulgebat
2351 925 2490 977 lutea
2520 927 2588 975 be·-

1558 1007 1655 1072 gis.
1678 1004 1952 1058 Consentit
1973 1004 2141 1057 Bentl.
2167 1003 2236 1057 ad
2258 1007 2461 1057 Lucan.
2484 1006 2587 1069 IV,

1572 1087 1669 1139 125
1685 1122 1701 1147 ,
1724 1082 1779 1136 in
1800 1082 2059 1137 adnotatis
2084 1082 2177 1137 diu
2208 1097 2389 1156 postea
2414 1086 2591 1157 vulga-

1566 1164 1633 1215 tis
1651 1202 1666 1225 ,
1720 1163 1917 1235 pariter
1980 1164 2279 1234 conjiciens.
2340 1165 2589 1217 Dissentit

1564 1244 1832 1316 Heynius:
1881 1263 1977 1295 nec
2034 1256 2211 1298 tamen
2275 1247 2586 1299 sententiam

1567 1335 1729 1375 mutu.
1779 1323 1917 1375 Nam
1964 1321 2039 1375 sic
2092 1325 2296 1377 Auson.
2346 1324 2588 1379 Perioch.

1566 1402 1704 1454 VIII
1742 1402 1804 1453 ΙΙ.
1822 1402 1915 1474 qui
1947 1414 2085 1456 totos
2112 1416 2386 1475 poetarum
2411 1422 2589 1457 versus

1566 1482 1623 1535 in
1668 1501 1765 1534 sua
1810 1483 2049 1536 carmina
2090 1484 2375 1537 transferre
2417 1485 2584 1537 solet:

1568 1589 1593 1609 a
1614 1562 1821 1613 Aurora
1856 1562 1911 1613 in
1947 1562 2145 1616 croceis
2184 1562 2415 1633 fulgebat
2447 1563 2589 1615 lutea

1566 1640 1699 1711 bigis
1721 1668 1764 1693 ιι.
1807 1640 2013 1694 Deinde
2065 1662 2253 1694 crocea»
2296 1646 2424 1713 biga.-
2468 1663 2592 1696 con-

1566 1732 1763 1791 gruunt
1793 1726 1937 1774 luteae
1972 1722 2115 1789 Deae,
2142 1735 2193 1775 et
2226 1723 2401 1795 ipsum
2439 1728 2589 1775 lutum

1566 1800 1717 1871 Virg.
1760 1819 1981 1851 croceum
2022 1814 2177 1855 vocat
2212 1803 2324 1855 Ecl.
2361 1803 2463 1868 IV,
2503 1811 2587 1867 44.

1567 1878 1829 1932 Praeterea
1852 1880 2129 1951 scriptores
2150 1882 2258 1933 duo
2282 1882 2439 1935 verba
2462 1902 2590 1934 con-

1560 1960 1784 2030 jungere
1810 1960 2007 2026 solent,
2036 1972 2093 2013 ut
2123 1961 2309 2015 Claud.
2336 1961 2405 2015 de
2426 1962 2589 2033 Nupt.

1568 2038 1708 2092 Hon.
1724 2050 1775 2091 et
1792 2039 1868 2093 M.
1897 2058 2027 2093 211:
2053 2040 2415 2093 -Parsinfecta
2437 2059 2594 2095 croco

1570 2120 1829 2172 velamina
1843 2120 1983 2173 lutea
1998 2120 2184 2173 Serum
2199 2120 2419 2173 Pandite
2434 2148 2473 2175 -.
2502 2128 2593 2171 Lu-

1566 2212 1672 2249 teas
1691 2211 1865 2251 autem
1886 2202 2022 2268 bigas
2041 2200 2263 2253 Aurora!
2289 2200 2470 2252 tribuit
2492 2200 2594 2252 Pa-

1525 2341 1537 2352 *
1566 2278 1754 2330 cuvius
1782 2276 2015 2352 Thyeste
2040 2297 2054 2331 :
2097 2306 2121 2324 «-
2140 2278 2262 2332 Non
2302 2280 2412 2333 illic
2442 2281 2596 2333 luteis

1567 2361 1769 2410 Aurora
1807 2359 1946 2430 bigis
1968 2383 2009 2410 ι.
2044 2359 2283 2431 Vulgata
2312 2371 2485 2413 tamen
2527 2360 2596 2411 le-

1566 2435 1731 2489 ctioni
1778 2435 1916 2489 favet
1963 2437 2233 2491 Palladius
2276 2439 2331 2492 in
2378 2440 2597 2493 Anthol.

1566 2515 1747 2568 Burin.
1771 2535 1820 2587 p.
1844 2515 1975 2569 303:
2015 2543 2036 2564 ο
2055 2518 2223 2571 Lutea
2246 2518 2484 2590 fulgebat
2508 2541 2593 2572 ro-

1566 2596 1669 2648 seis
1732 2600 1936 2648 Aurora
1988 2597 2193 2668 capillis
2217 2623 2256 2650 n.
2312 2597 2415 2652 Sed
2470 2618 2597 2652 cum

1568 2675 1727 2730 Voss.
1777 2675 1911 2727 liber
1943 2677 2137 2728 offerat
2179 2681 2358 2740 tureis,
2402 2699 2593 2750 parum

1570 2756 1744 2818 abest,
1772 2756 1905 2827 quin
1940 2768 1991 2807 et
2022 2756 2123 2808 hoc
2166 2757 2221 2808 in
2257 2763 2439 2810 croceis
2480 2779 2593 2812 mu-

1568 2833 1789 2886 tandum
1820 2853 2079 2887 censeam.
2118 2837 2273 2890 Certe
2308 2837 2595 2904 Francius,

1569 2926 1698 2967 teste
1717 2914 2043 2979 BurmannO,
2068 2917 2379 2986 praeferebat
2396 2922 2595 2971 croceis.

1571 2993 1849 3064 Propterea
1904 2993 2065 3047 ovid.
2116 2993 2256 3048 Fast.
2306 2997 2404 3061 IV,
2449 2999 2586 3066 715:

1573 3099 1599 3118 α
1617 3072 1920 3125 Memnonis
1947 3072 2001 3124 in
2038 3074 2200 3127 roseis
2230 3076 2387 3128 'lutea
2433 3060 2597 3130 mater

1574 3152 1723 3225 equis
1747 3177 1793 3204 ι.
1820 3153 1982 3208 Scan.

1647 3230 1769 3300 370.
1812 3231 1872 3282 In
1924 3231 2047 3284 edit.
2088 3231 2299 3284 Madrit.
2332 3253 2454 3299 pars
2484 3255 2599 3302 quoe

1574 3325 1729 3361 coeat.
1775 3310 1979 3362 Forsan
2012 3331 2137 3377 pars
2177 3331 2239 3361 ea
2274 3331 2388 3377 qnoe
2428 3330 2596 3375 coeat,

1576 3388 1661 3441 vel
1674 3409 1798 3458 pars
1820 3409 1880 3439 ea
1908 3408 2021 3456 qua·
2032 3394 2135 3438 Eoo
2156 3391 2385 3448 discedit,
2404 3391 2485 3442 vel
2508 3412 2601 3463 po-

1575 3471 1681 3522 tius
1692 3487 1815 3537 pars
1837 3488 1951 3535 quoe
1973 3485 2163 3532 οχαηοο
2181 3471 2404 3522 discedit.
2426 3471 2600 3526 Huns.

1576 3549 1749 3602 Unice
1792 3548 1996 3618 probo,
2035 3559 2093 3599 ut
2133 3548 2335 3618 legatur
2374 3570 2593 3616 craneo,

1578 3625 2029 3701 quemadmodum
2086 3625 2265 3679 HeinS.
2324 3628 2393 3681 ad
2446 3631 2601 3684 Diras

1578 3708 1690 3761 Cat.
1728 3727 1779 3760 v.
1822 3713 1906 3772 4ο,
1945 3707 2003 3758 in
2030 3707 2192 3758 Anth.
2234 3708 2417 3761 Burm.
2449 3721 2486 3762 t.
2523 3712 2619 3778 11,¹

1577 3808 1629 3859 p.
1653 3786 1756 3839 658
1764 3828 1775 3841 .
1800 3787 1863 3838 ln
1884 3787 2017 3840 Ven.
2038 3791 2273 3839 coe-andis
2292 3793 2441 3852 cedit,
2458 3789 2601 3844 unde

1578 3866 1771 3939 partim
1821 3867 1955 3918 bene
1981 3866 2115 3919 Pith.
2149 3869 2355 3920 discedit
2385 3889 2403 3920 .·
2442 3890 2599 3922 coecm

1579 3945 1953 4017 compendiose
1966 3947 2224 4018 scriptum
2240 3967 2340 4019 pro
2350 3969 2565 4002 coeaneo
2576 3973 2599 4010 ,-

1580 4025 1683 4078 hoc
1708 4036 1881 4077 autem
1902 4037 2147 4096 corrupte
2181 4045 2272 4096 pro
2298 4049 2516 4092 craneo,
2545 4040 2605 4094 ut

1578 4108 1834 4165 Iam-ium,
1859 4108 2035 4156 Maesia
2056 4125 2154 4176 pro
2180 4105 2426 4178 Illyrium
2443 4144 2458 4170 ,
2488 4107 2605 4180 My-

1580 4183 1668 4237 sia.
1690 4183 2007 4256 Conjectura
2026 4185 2294 4258 Anonymi
2312 4190 2495 4238 Μαι-σο
2516 4194 2607 4248 vix
