2996 4685
470 448 611 533 634

938 452 1483 525 VARIORUM
1542 452 2118 523 AUCTORUM

560 576 691 640 Ter
734 597 925 642 senas
966 588 1185 667 partes
1221 575 1370 669 plus
1411 575 1548 662 his,
1586 574 1946 669 Cytherea,
1977 588 2356 668 retorques,

559 684 936 754 Lustrando
969 699 1185 755 totum
1222 686 1542 781 praeclaro
1575 684 1827 754 lumine
1855 682 2200 753 mundum.

558 790 820 887 Terque
850 792 991 865 dies
1016 809 1243 867 ternos
1274 820 1445 891 puro
1483 795 1566 863 de
1603 818 1874 890 vespere
1905 791 2143 864 tollens

556 904 897 973 Sermonis
937 904 1189 975 domini
1236 904 1610 1001 completur
1645 902 1934 975 circulus
1968 904 2151 973 anni.

556 1014 771 1080 Horas
800 1028 954 1083 octo
974 1068 994 1101 ‚
1020 1014 1159 1084 dies
1194 1030 1421 1086 ternos
1462 1029 1722 1085 servato
1767 1038 2064 1084 novenos
2084 1067 2104 1100 ,

554 1121 866 1191 Proxima
900 1121 1125 1194 telluri
1166 1125 1324 1194 dum
1366 1126 1582 1195 curris
1600 1178 1620 1211 ‚
1655 1123 1938 1193 candida
1971 1122 2241 1195 Phoebe.

534 1346 615 1382 n.
658 1334 901 1384 Sermonis
943 1336 1145 1387 domini.
1194 1332 1383 1405 Scalig.
1420 1335 1477 1385 in

460 1408 698 1480 margine
723 1423 1025 1465 correxerat
1044 1415 1371 1465 semihominis
1392 1412 1481 1465 Di·

458 1486 509 1538 vi
527 1526 542 1552 ,
570 1488 655 1539 vel
681 1486 924 1544 Semoni·
949 1490 1037 1543 Dii
1061 1502 1122 1544 ut
1142 1492 1199 1545 in
1221 1490 1481 1545 Ausonia-

456 1564 543 1619 nis
561 1564 758 1635 edidit,
782 1579 835 1621 et
856 1587 950 1640 per
966 1568 1247 1624 Semonem
1270 1572 1478 1623 Mercu·

458 1645 599 1698 rium
648 1645 1045 1719 intelligendum
1090 1668 1151 1703 ex
1200 1650 1477 1720 Fulgentio

460 1724 663 1777 notavit
681 1746 698 1792 ;
719 1726 1169 1799 quemadmodum
1198 1728 1478 1782 Semonem

459 1805 687 1856 Sancum
708 1803 891 1858 Sabini
927 1807 1225 1861 coluenmt.
1262 1810 1345 1862 De
1367 1825 1475 1878 quo

1565 1332 1782 1385 numine
1819 1330 1932 1385 vid.
1971 1331 2280 1404 interpretes
2317 1329 2385 1384 ad
2425 1330 2586 1385 Ovid.

1566 1410 1810 1477 Fut-VI,
1827 1416 1928 1475 ²14
1947 1427 1966 1475 ς
1985 1422 2038 1463 et
2051 1410 2326 1471 Liv.vln,
2347 1428 2430 1475 ιο,
2449 1420 2486 1461 t.
2499 1411 2586 1473 ·11,

1567 1509 1620 1561 p.
1636 1490 1901 1561 475,nost.
1909 1489 2006 1543 Ed.
2019 1490 2173 1545 Semo
2186 1500 2366 1542 autem
2379 1490 2590 1543 Mercu·

1566 1569 1678 1622 rius
1697 1608 1714 1633 ‚
1743 1569 1868 1642 quia
1887 1569 1998 1623 fere
2018 1568 2073 1622 in
2091 1568 2288 1621 infimis
2303 1570 2590 1622 collocatus

1567 1658 1644 1701 est
1662 1668 1679 1713 ς
1698 1646 2150 1721 quemadmodum
2168 1648 2419 1701 Semones
2435 1665 2590 1701 voca-

1566 1728 1694 1779 bant
1718 1728 1856 1780 Deos
1873 1724 2083 1779 infimos
2102 1764 2119 1789 ‚
2145 1728 2377 1798 majores
2398 1726 2592 1780 scilicet

1565 1805 1897 1872 hominibus,
1919 1806 2154 1859 minores
2175 1805 2304 1859 Diis.
2331 1806 2429 1859 En.

1015 2057 1142 2125 lx.
1196 2052 2058 2127 ASTRONOMICA*.

556 2284 661 2353 Tu
706 2282 879 2354 forte
916 2283 987 2353 in
1026 2282 1176 2354 luco
1209 2283 1428 2354 lentus
1459 2306 1628 2378 vaga
1656 2282 1952 2352 carmina
1986 2282 2241 2376 gigniS,

558 2394 988 2486 Argutosque
1022 2393 1197 2462 inter
1229 2390 1457 2463 latices
1492 2407 1560 2461 et
1591 2393 1844 2462 musica
1873 2391 2082 2461 flabra

556 2501 774 2570 Pierio
803 2501 1121 2596 liquidam
1152 2502 1497 2598 perfundis
1534 2519 1803 2572 nectare
1831 2518 2156 2571 mentem:

555 2610 648 2677 At
690 2633 811 2679 nos
853 2612 1195 2706 congeries
1232 2612 1520 2682 obnubit
1564 2613 1834 2684 turbida
1873 2638 2127 2697 rerum,

556 2722 976 2815 Ferrataeque
1005 2737 1322 2817 premunt
1358 2721 1634 2796 milleno
1669 2721 1880 2792 milite
1916 2745 2130 2806 curae,
2570 2743 2594 2780 ⁵

530 2937 555 2962 *
582 2935 860 3007 Fulgentio
884 2935 991 2990 hoe
1013 2956 1226 2992 carmen
1257 2957 1320 2991 ex
1354 2958 1483 2991 con-
1509 2953 1516 2958 “

457 3017 664 3086 jectura
698 3012 1025 3087 adscriptum
1071 3015 1199 3070 dicit
1234 3016 1483 3070 Pithoeus.

462 3093 615 3146 Certe
626 3105 832 3147 vetusta
843 3094 1162 3166 exemplaria
1178 3095 1485 3167 Asu-elogia

463 3170 657 3225 Isidori
678 3211 694 3238 ,
740 3172 939 3226 nullius
1001 3174 1228 3227 auctoris
1276 3174 1486 3227 titulum

460 3252 768 3324 praeferunt.
811 3252 913 3308 Sed
956 3252 1011 3305 in
1050 3252 1225 3307 indice
1261 3251 1479 3306 editioni

460 3330 747 3385 Pithoeanae
770 3330 987 3402 profixo
1011 3330 1263 3385 habetur:
1286 3331 1483 3386 Incerti

464 3411 710 3464 Auctoris
755 3411 823 3464 de
864 3409 1075 3464 defectu
1121 3409 1288 3463 Luna
1307 3452 1324 3477 ,
1372 3412 1485 3464 sive

467 3488 851 3554 Astronomio,
886 3490 1278 3561 Fragmentum.
1292 3491 1491 3544 Varro-

466 3569 550 3621 nis
570 3569 777 3624 Atacini
802 3567 857 3622 id
884 3587 996 3624 esse
1019 3567 1194 3623 codici
1214 3589 1313 3622 suo
1346 3569 1490 3624 adle-

466 3660 612 3701 ves-at
648 3647 955 3702 Scriverius.
1004 3648 1110 3702 Sed
1149 3648 1487 3704 verisimilius

462 3737 619 3799 putat
631 3726 966 3781 Burmannus
988 3727 1045 3781 id
1072 3726 1485 3783 adtribueudum

466 3806 577 3879 regi
605 3807 813 3860 cuidam
844 3809 1027 3864 Flavio
1052 3809 1293 3864 Sisebuto
1309 3847 1325 3872 ,
1346 3812 1487 3864 Visi-

466 3886 745 3959 gothorum
764 3888 821 3940 in
846 3887 1102 3961 Hispania
1122 3889 1235 3962 regi
1248 3927 1266 3954 ,
1290 3887 1359 3942 de
1380 3909 1487 3961 qno

467 3965 765 4020 testimonia
786 3967 935 4038 plura
964 3967 1174 4041 colligit.
1196 3969 1298 4020 En.

544 4063 591 4098 r.
642 4051 789 4115 Vaga
833 4049 1059 4098 carmina
1103 4050 1287 4116 gignis.
1313 4047 1489 4102 Vellet

468 4123 801 4177 Burmannus
821 4128 871 4175 in
895 4128 1031 4186 luco,
1063 4127 1147 4179 vel
1170 4131 1279 4178 lucu
1302 4129 1486 4194 subfix-

463 4219 551 4270 σο,
573 4213 629 4254 ut
648 4203 893 4276 respiciat
910 4205 1011 4258 hoc
1040 4205 1109 4260 ad
1126 4206 1347 4276 primam
1365 4205 1489 4258 vir-

1572 2937 1681 3009 gilii
1703 2935 1978 3008 Eclogam,
1999 2936 2086 2985 sub
2103 2933 2446 3000 tegminefagi
2457 2953 2481 2994 ,-
2502 2930 2596 2986 sed

1573 3035 1715 3071 mera
1735 3017 2058 3087 conjectura.
2088 3013 2186 3065 Eu.

1647 3099 1696 3151 3.
1731 3099 1890 3148 Pierio
1933 3094 2172 3160 liquidam
2207 3092 2466 3158 perfimdis
2504 3109 2595 3142 ne·

1575 3191 1710 3228 ctare
1735 3187 1962 3226 mentem.
1982 3170 2070 3224 Sic
2095 3169 2242 3241 apud
2262 3169 2472 3222 Petron.
2490 3168 2596 3222 Sat.

1569 3273 1688 3325 cap.
1716 3254 1747 3305 5
1766 3253 1821 3304 in
1850 3251 1987 3303 fine:
2021 3275 2042 3296 ι
2061 3247 2281 3301 flumine
2303 3247 2450 3320 largo
2474 3247 2596 3300 Ple·

1572 3351 1675 3386 nus
1685 3329 1864 3384 Pierio
1876 3327 2138 3381 defundes
2153 3339 2364 3380 nectare
2373 3325 2536 3380 verba
2553 3351 2594 3382 ι.

1575 3413 1770 3464 Nectar
1796 3408 2023 3462 Pierium
2038 3444 2054 3472 ,
2079 3418 2139 3460 ut
2156 3425 2246 3460 ros
2261 3445 2276 3470 ‚
2303 3406 2456 3459 favus
2481 3405 2596 3460 Pie-

1578 3491 1704 3552 rius,
1727 3490 1832 3542 mel
1849 3487 2181 3560 Cecropium.
2194 3485 2352 3558 Apud
2369 3485 2595 3540 Saleium

1580 3571 1802 3624 Bassum
1823 3606 1839 3631 ,
1871 3567 2057 3638 Paneg.
2080 3564 2150 3619 ad
2184 3565 2356 3618 Pison.
2383 3583 2460 3617 vs.
2487 3566 2556 3634 78
2579 3582 2593 3616 ε

1579 3677 1604 3699 α
1615 3651 1762 3717 Quin
1781 3646 1937 3703 etiam
1949 3647 2112 3702 facilis
2128 3647 2368 3699 Romano
2380 3642 2600 3718 profluit

1575 3749 1669 3786 ore
1691 3729 1921 3794 Gracia,
1945 3725 2325 3796 Cecropioeque
2347 3733 2499 3776 sonat
2517 3721 2596 3774 fs-

1575 3828 1675 3865 vus
1734 3808 1954 3861 emulus
2009 3805 2134 3858 urbi
2155 3829 2181 3850 ι·
2195 3844 2210 3870 ,
2267 3815 2326 3856 ut
2389 3803 2599 3874 legeint

1577 3889 1824 3944 Heinsius
1841 3897 2019 3940 contra
2039 3883 2348 3938 sententiam
2369 3883 2599 3938 Werns-

1577 3967 1758 4032 dorfli,
1785 3983 1944 4039 quem
1969 3963 2084 4036 lege
2101 4004 2116 4029 ,
2142 3961 2302 4034 hujus
2321 3980 2412 4033 op.
2429 3974 2468 4013 t.
2491 3962 2597 4023 111,

1577 4068 1634 4120 p.
1665 4052 1783 4111 ²⁴54·
1823 4046 2032 4097 Pieriam
2067 4043 2262 4094 latebam
2297 4039 2433 4093 dixit
2452 4040 2599 4112 Virg.

1575 4127 1630 4178 in
1652 4126 1855 4190 Culice,
1877 4143 1923 4176 v.
1951 4122 2044 4186 183
2066 4119 2156 4176 sed
2179 4119 2282 4173 vid.
2303 4120 2430 4172 Var.
2451 4121 2598 4174 Lect.

1575 4219 1708 4258 nost.
1734 4203 1874 4258 Edit.
1898 4215 2027 4256 tom.
2045 4203 2110 4261 V.
2138 4220 2195 4272 p.
2221 4219 2300 4254 ao.
2323 4197 2424 4253 En.
