2996 4685
523 370 662 450 4¹2
1245 371 1328 438 R.
1385 371 1458 436 F.
1514 369 1878 439 AVIENI

716 492 1044 586 Sinusque
1081 515 1355 578 curv05,
1401 506 1603 584 atque
1640 493 2125 585 prominentia:

715 604 810 669 Ut
851 627 920 670 se
961 603 1204 696 supino
1240 603 1544 696 porrigat
1586 601 1743 670 litus
1778 605 1943 689 situ,

714 715 812 780 'Ut
855 711 1052 807 longe
1097 713 1164 780 in
1210 712 1422 782 undas
1460 713 1756 782 inserant
1798 739 1939 783 sese
1973 715 2173 809 juga,

714 821 1052 917 Celsaeque
1079 839 1170 892 ut
1215 824 1414 892 urbes
1451 823 1812 893 adluantur
1852 849 2116 918 aequore
2147 851 2161 892 :

713 933 888 1020 Quis
922 950 1110 1004 ortus
1149 959 1381 1003 amnes
1422 936 1745 1003 maximos
1790 935 2132 1020 effuderit,

713 1047 806 1114 Ut
849 1069 1058 1140 prona
1097 1047 1289 1140 ponti
1333 1048 1665 1141 gurgitem
1710 1048 1963 1115 intrent
2000 1045 2314 1130 flumina,

711 1158 808 1224 Ut
849 1157 994 1250 ipsa
1030 1165 1295 1225 rursum
1333 1181 1507 1251 saepe
1540 1157 1811 1251 cingant
1852 1155 2128 1241 insulaS,

714 1267 1128 1361 Sinuentque
1161 1266 1292 1336 late
1331 1281 1406 1335 ut
1446 1282 1591 1336 tuta
1634 1281 1869 1360 portus
1910 1266 2221 1350 brachia,

717 1381 812 1449 Ut
854 1377 1270 1472 explicentur
1313 1392 1580 1474 stagna,
1610 1393 1679 1447 et
1714 1393 1789 1446 ut
1826 1379 2096 1472 jaceant
2134 1376 2355 1463 lacus,
2614 1405 2665 1444 σε

715 1493 1122 1584 Scruposum
1165 1504 1240 1559 ut
1277 1484 1392 1559 alti
1431 1491 1744 1559 verticem
1782 1504 2043 1558 montes
2081 1486 2339 1569 levent,

520 1681 648 1733 bum
666 1721 682 1744 ,
729 1683 1068 1748 substituere,
1101 1680 1246 1754 quod
1293 1681 1362 1735 de
1408 1681 1539 1733 mari

518 1773 568 1813 et
599 1759 816 1814 flumine
843 1761 1060 1815 adhibet
1078 1763 1228 1815 Dese.
1248 1762 1380 1815 Orb.
1399 1782 1448 1814 v.
1471 1778 1541 1832 90

519 1851 570 1891 et
620 1841 739 1908 965.
781 1842 1042 1894 Caeterum
1080 1839 1326 1894 Heinsius
1365 1841 1541 1894 adhuc

519 1918 738 1990 corrigit
761 1935 979 1972 nostrum
1012 1923 1062 1972 in
1101 1941 1262 1984 mare,
1283 1922 1363 1974 vel
1385 1922 1548 1972 nostri

518 2001 698 2059 maris,
730 2018 837 2070 qua
865 2020 922 2053 re
948 1999 1054 2052 non
1086 2018 1221 2072 opus
1253 2020 1368 2054 esse
1392 1999 1537 2053 vide-

517 2089 626 2130 iur-

592 2157 676 2228 57.
716 2161 958 2226 Sinusque
1003 2179 1172 2210 curvos
1217 2170 1394 2231 repete
1452 2159 1539 2211 hic

519 2255 579 2288 ex
605 2257 653 2289 v.
685 2237 746 2290 51
772 2259 786 2290 ε
815 2237 946 2290 «Hic
973 2257 1133 2308 porro
1158 2239 1375 2291 habebis
1395 2264 1439 2290 n.
1469 2270 1542 2279 —-

521 2320 856 2397 Rroem'ueneia
870 2316 998 2371 dicit
1011 2316 1368 2390 promontoria
1389 2358 1403 2383 ,
1424 2338 1543 2391 quae

520 2397 573 2447 in
619 2414 765 2449 mare
807 2397 1140 2469 prominent,
1168 2410 1220 2451 et
1258 2416 1542 2469 opponun-

519 2489 606 2528 tur
654 2478 835 2528 sinibus
881 2482 1054 2529 curvis.
1095 2478 1180 2532 Sic
1203 2498 1253 2530 v.
1283 2495 1388 2545 90:
1433 2478 1544 2531 «Et

517 2556 869 2626 prominentis
891 2556 980 2610 hic
997 2556 1112 2629 jugi
1135 2558 1302 2627 surgit
1319 2569 1474 2627 caput
1492 2578 1538 2623 -;

519 2648 568 2687 et
589 2656 637 2688 v.
666 2636 767 2699 343
785 2658 797 2688 ι
817 2662 842 2681 «ι
858 2657 980 2690 saxa
1017 2636 1366 2709 prominentia
1387 2663 1430 2689 ι.
1457 2638 1542 2691 Si-

517 2720 618 2768 nus
645 2734 837 2769 curvos
856 2737 1009 2770 versu
1037 2728 1289 2790 sequente
1307 2755 1321 2779 ,
1345 2730 1397 2770 et
1419 2736 1543 2790 pro·

517 2794 774 2848 minentis
812 2815 886 2849 vs.
927 2798 992 2864 59
1037 2797 1260 2869 amplius
1288 2796 1541 2850 declarat.

590 2874 672 2927 58.
687 2878 868 2943 Supina
883 2880 990 2927 litus
1009 2879 1122 2928 situ.
1144 2882 1261 2927 Sina
1281 2877 1342 2926 V.
1365 2888 1506 2929 recte
1524 2913 1541 2940 ,
1579 2887 1587 2902 “

515 2952 789 3025 adscripsit
835 2956 987 3008 alius.
1035 2954 1190 3009 Ovid.
1238 2956 1402 3027 Epist.
1447 2956 1503 3009 11
1524 2998 1539 3022 ,

522 3034 794 3087 131.-Est
840 3034 986 3089 sinus
1033 3034 1291 3088 adductos
1334 3035 1542 3089 modice

517 3112 739 3165 falcatus
775 3114 830 3165 in
872 3133 1026 3168 arcus
1045 3140 1087 3167 a.
1119 3114 1369 3168 Probavit
1395 3113 1540 3168 idem

515 3192 697 3244 Burm.
732 3193 844 3265 Ego
875 3212 998 3247 vero
1031 3193 1372 3246 retinendum
1408 3206 1543 3268 puto

515 3275 627 3331 situ,
651 3271 772 3343 quia
818 3275 911 3323 sim
955 3277 1128 3343 supino
1168 3277 1323 3325 litoris
1362 3274 1541 3347 ipsum

513 3351 686 3403 sinum
740 3349 1036 3406 describere
1082 3352 1196 3406 vult
1246 3366 1400 3424 poeta
1427 3391 1442 3417 ,
1489 3364 1544 3406 et

514 3432 649 3481 sinus
675 3451 739 3484 ex
762 3451 913 3485 versu
943 3432 1278 3505 proecedente
1301 3432 1437 3486 male
1459 3452 1543 3486 re-

516 3508 724 3577 petitur.
763 3510 1026 3565 Caeterum
1064 3512 1235 3566 tribus
1272 3513 1541 3584 sequenti·

517 3589 620 3639 bus
641 3590 877 3642 versibus
899 3591 1041 3643 varia
1064 3592 1303 3645 locorum
1325 3611 1541 3664 genera,

516 3684 634 3735 quae
661 3686 804 3720 mare
832 3670 1282 3724 mediterraneum
1320 3671 1504 3729 adluat
1524 3709 1539 3735 ,

517 3744 702 3798 eodem
741 3747 901 3817 plane
949 3748 1109 3801 modo
1149 3764 1308 3823 atque
1353 3748 1542 3803 ordine

519 3825 767 3879 describit
787 3866 804 3891 ,
829 3841 884 3880 ut
921 3829 974 3881 in
1010 3834 1192 3885 Descr.
1235 3831 1369 3885 Orb.
1400 3852 1446 3884 v.
1476 3831 1543 3900 95

518 3924 665 3977 seqq.
696 3906 840 3961 fecit.

589 3984 672 4037 63.
696 3992 755 4039 Ue
775 3990 884 4055 ipsa
903 4008 1107 4043 rursum.
1129 3988 1415 4043 Hudsonus
1436 3989 1540 4061 legi

512 4066 664 4137 jubet
689 4072 748 4118 Ut
775 4070 880 4137 ipse
900 4088 1089 4121 rursum
1113 4090 1246 4137 ,σα-’ρο
1270 4073 1440 4139 cingat
1466 4072 1545 4119 in-

518 4150 651 4197 sulas
664 4185 679 4208 ,
698 4165 890 4221 nempe
909 4164 1108 4215 pomus.
1137 4148 1239 4201 Sed
1265 4166 1362 4219 ego
1381 4148 1545 4203 nolim

1626 1693 1849 1733 mutare.
1876 1681 2011 1734 Nam
2041 1680 2241 1733 insulas
2264 1679 2422 1732 maris
2436 1683 2547 1752 jam
2568 1698 2664 1731 no-

1629 1760 1851 1813 minavit
1871 1779 1920 1813 v.
1949 1759 2013 1813 5²
2032 1797 2048 1822 ‚
2072 1771 2123 1812 et
2151 1758 2399 1825 flumina,
2425 1757 2494 1812 de
2532 1757 2661 1830 qui-

1626 1839 1727 1892 bus
1752 1838 1991 1911 proxime
2013 1841 2264 1911 loquutus
2282 1851 2361 1891 est
2375 1851 2580 1903 auctor,
2598 1839 2659 1890 in

1630 1938 1774 1972 mare
1793 1919 2023 1972 labentia
2039 1956 2055 1981 ,
2074 1929 2279 1971 constat
2298 1937 2434 1990 saepe
2455 1919 2669 1971 insulas

1630 2017 1791 2070 supra
1832 1998 1953 2052 litus
1982 1998 2211 2051 efficere.
2236 1997 2287 2048 V
2289 1995 2360 2049 id.
2389 2017 2443 2049 v.
2472 1997 2571 2052 283
2606 2009 2663 2052 et

1701 2161 1787 2222 64.
1818 2161 2118 2226 Simoemque
2150 2163 2266 2209 late.
2292 2155 2539 2210 Heinsius
2562 2158 2661 2206 Ian·

1630 2237 1857 2289 mavult:
1888 2251 1985 2288 mee
2024 2245 2204 2289 Pontus
2247 2238 2314 2290 V.
2361 2234 2463 2289 Sed
2511 2233 2659 2287 insta

1630 2335 1677 2369 v.
1708 2317 1805 2369 521
1836 2315 2105 2371 similiter:
2132 2344 2157 2363 «-
2176 2317 2309 2371 Nam
2335 2313 2521 2391 pandit
2546 2312 2657 2367 illic

1628 2409 1743 2448 tuta
1805 2408 1990 2469 portus
2056 2396 2277 2449 brachia
2291 2422 2334 2449 n.
2372 2394 2615 2447 Barthius
2638 2434 2655 2455 ,

1630 2473 1848 2529 Advers.
1870 2494 1918 2547 p.
1946 2476 2099 2545 ¹⁵49,
2120 2474 2352 2529 adducto
2377 2474 2479 2529 hoc
2502 2474 2655 2539 loco,

1629 2554 1879 2619 Brachia,
1905 2556 2107 2629 inquit,
2130 2567 2254 2611 suut
2280 2568 2571 2609 curvatura
2599 2566 2657 2607 et

1630 2634 1878 2689 flexiones
1894 2648 2167 2707 portuum.
2190 2637 2472 2707 Corippus,
2484 2635 2577 2687 lib.
2597 2636 2627 2686 1
2642 2676 2661 2700 ‚

1630 2735 1713 2768 vs.
1758 2722 1888 2780 104:
1920 2742 1944 2761 u
1970 2716 2181 2769 Portum
2202 2754 2217 2780 ,
2246 2734 2403 2789 quem
2432 2714 2656 2787 geminae

1630 2796 1965 2868 complexam
1986 2796 2205 2862 brachia
2234 2798 2364 2868 ripae
2390 2794 2656 2847 Moenibus

1629 2874 1938 2947 adpositis».
2002 2875 2251 2929 Pluribus
2309 2876 2444 2929 locis
2482 2874 2659 2947 ‘hujus

1628 2956 1773 3007 vocis
1816 2974 1970 3008 usum
2018 2954 2274 3009 illustravi
2321 2956 2375 3009 in
2422 2966 2531 3009 not.
2579 2952 2661 3007 ad

1629 3034 1794 3087 Rutil.
1825 3035 1944 3087 ltin.
1972 3036 2029 3097 1,
2055 3034 2177 3089 535.

1702 3114 1787 3167 65.
1830 3117 1925 3165 Ceu
1957 3116 2174 3183 saccant
2209 3119 2348 3167 lacus
2385 3112 2523 3165 Pith.
2566 3134 2659 3163 sect

1618 3195 1833 3263 jaceant
1857 3192 2025 3245 Huds.
2050 3208 2100 3245 et
2124 3209 2177 3245 m
2196 3198 2412 3263 jaceant
2436 3192 2660 3265 conjicit

1614 3272 1807 3325 ·Heins.
1833 3272 1981 3344 quod
2008 3272 2200 3343 placet.

1698 3354 1783 3404 66.
1804 3355 2035 3424 Scrupost’
2047 3356 2258 3405 vertices
2278 3356 2507 3404 mominm
2529 3360 2659 3403 sunt

1629 3430 1803 3504 asperi
1866 3433 2107 3485 cautibus
2131 3452 2147 3495 ;
2197 3430 2658 3505 quemadmodum

1630 3512 1822 3565 Noster
1838 3512 1893 3564 in
1910 3512 2084 3565 Descr.
2098 3512 2231 3565 Orb.
2251 3532 2300 3564 v.
2318 3512 2421 3579 869
2440 3530 2452 3563 :
2474 3510 2663 3562 «Inter

1630 3590 1977 3661 Cauricrepas
2026 3601 2077 3642 et
2124 3610 2400 3661 scruposas
2442 3589 2665 3645 conval-

1630 3664 1703 3723 les
1722 3688 1779 3735 »3
1812 3680 1861 3721 et
1890 3669 2027 3721 infra
2059 3688 2135 3721 vs.
2158 3671 2295 3723 625:
2333 3694 2355 3717 ιι
2380 3687 2661 3743 scrupe-:nn

1629 3750 1823 3801 molem
1855 3748 2173 3803 imminentis
2200 3749 2393 3802 montis
2416 3775 2438 3795 ι
2483 3760 2657 3805 vocat.

1638 3830 1917 3890 Lucanus,
1938 3828 2010 3891 V,
2044 3826 2175 3897 675:
2204 3828 2515 3900 -Scruposis
2569 3847 2667 3880 nn-

1638 3918 1784 3983 gusta
1828 3919 2022 3959 vacant
2049 3908 2139 3960 ubi
2170 3906 2323 3961 litora
2352 3909 2490 3962 saxis
2512 3934 2533 3953 ο
2551 3949 2563 3959 .
2593 3907 2661 3958 Et

1634 4006 1732 4040 vox
1778 4006 1979 4055 scrupus
2023 4006 2087 4039 ea
2130 3985 2513 4057 significatione
2562 3988 2663 4039 sre-

1634 4087 1800 4139 quens
1827 4068 2045 4120 Nostro.
2071 4064 2194 4117 Vid.
2224 4063 2484 4137 Descript.
2522 4066 2661 4117 orb.

1638 4166 1714 4200 vs.
1756 4146 1853 4199 503
1875 4186 1891 4212 ,
1920 4146 2050 4217 785,
2082 4148 2217 4209 8103
2242 4145 2341 4198 Or.
2363 4146 2499 4197 Mar.
2528 4145 2663 4213 ¹37;
