2996 4685
684 391 1302 460 DESCRIPTIO
1369 390 1671 460 ORBIS
1738 390 2111 457 TERRAE.

2323 386 2456 480 347

423 515 628 583 Dives
666 516 733 581 in
767 512 872 581 his
909 536 1052 581 mos
1090 527 1191 581 est
1219 513 1358 605 jam
1401 511 1581 607 longi
1630 528 1933 607 tempore
1974 510 2145 581 saecli
2169 566 2190 599 ‚

425 628 525 693 Ex
564 650 700 718 quo
729 624 1088 693 Maeoniam
1132 621 1308 692 bello
1345 624 1587 691 trivere
1631 637 1931 691 cruento.

424 732 729 803 Illudunt
763 758 930 802 auro
965 746 1208 818 vestes,
1250 746 1318 800 et
1361 747 1605 802 cuncta
1645 746 1965 826 teguntur
2371 756 2473 793 nso

427 849 614 912 Auro
655 842 954 911 membra
1001 842 1158 911 viris
1181 896 1202 926 ‚
1253 866 1419 911 auro
1455 843 1736 937 vestigia
1773 841 2120 911 condunt:

425 956 682 1021 Tantus
719 956 1070 1023 Persarum
1108 951 1411 1021 dissolvit
1448 966 1716 1046 pectora
1753 950 1969 1021 luxuS.

424 1067 572 1156 Ipsa
611 1078 831 1133 autem
868 1061 1060 1132 tellus
1097 1062 1350 1132 inclusa
1381 1076 1481 1131 est
1516 1061 1861 1131 montibus
1894 1060 2075 1147 altis,

423 1172 739 1269 Undique
777 1175 846 1242 in
885 1172 1240 1243 australem
1274 1172 1450 1242 latus
1493 1171 1875 1241 inclinatior
1910 1196 2098 1241 axem
2122 1224 2141 1254 ‚

425 1288 518 1353 Ac
554 1288 814 1353 Borean
850 1282 1085 1378 longe,
1121 1282 1321 1378 longe
1358 1308 1629 1377 quoque
1668 1283 1908 1378 Caspia
1946 1281 2233 1351 claustra
2370 1304 2467 1343 ηδε»

423 1393 728 1481 Deserit,
768 1408 968 1487 atque
1003 1394 1166 1464 Noti
1207 1393 1467 1489 placida
1520 1392 1947 1488 perfunditur
1988 1417 2169 1463 aura.

424 1504 624 1574 Istius
661 1518 728 1573 at
775 1504 1006 1597 spatiis
1045 1504 1250 1573 finem
1288 1504 1406 1573 dat
1439 1505 1743 1585 Persicus
1783 1518 2017 1589 aestuS‚

325 1704 434 1745 tam
480 1693 728 1746 omnihus
785 1693 944 1747 rebus
992 1692 1350 1747 abundantem

1441 1712 1470 1744 a
1517 1693 1693 1764 prims
1732 1691 1953 1745 lectione
1990 1691 2205 1743 Veneto
2243 1688 2469 1744 descive-

328 1785 521 1845 agunt‚
542 1774 684 1827 laute
708 1784 762 1827 et
783 1775 1032 1845 opulente
1055 1776 1268 1839 vivunt,
1293 1786 1356 1827 ut
1438 1786 1603 1836 runt,
1649 1790 1765 1842 quae
1818 1769 1979 1823 habet
2016 1774 2239 1824 Illudunt
2258 1792 2277 1821 :
2324 1770 2469 1840 quod

326 1856 518 1920 largum
536 1870 710 1905 ovum
729 1852 798 1906 sit
814 1852 1109 1926 copiosum,
1124 1855 1353 1916 lautum,

327 1944 696 2002 sumptuosum
712 1972 728 1997 ,
750 1936 1021 1999 producere
1051 1932 1356 2004 simpliciter

329 2027 424 2078 pro
451 2014 630 2062 ducere
653 2010 976 2082 accipiatur,
1005 2010 1352 2083 quemadmo-

330 2086 460 2140 dum
487 2108 643 2161 supra
667 2090 856 2144 Noster
887 2094 1046 2143 vitam
1070 2095 1356 2160 prou-aluere

329 2165 462 2221 dixit
483 2187 562 2222 vs.
588 2171 737 2238 1039.
768 2173 944 2243 Atque
968 2172 1110 2223 hanc
1135 2170 1356 2225 alterum

329 2247 645 2301 sententiam
663 2249 892 2319 proefero
912 2248 1074 2320 priori
1088 2286 1105 2311 ,
1141 2260 1200 2301 ut
1224 2268 1354 2303 eon·

328 2337 475 2380 texto
496 2328 684 2382 melius
711 2328 1137 2382 convenientem.
1158 2329 1254 2384 W.
1285 2361 1356 2371 -—-

327 2410 618 2458 Producitur
640 2427 794 2460 oevum
832 2427 1022 2462 omnes
1051 2406 1174 2462 edd.
1203 2407 1353 2461 Hud-

325 2503 487 2540 sonus
523 2497 700 2539 tamen
734 2487 950 2560 conjicit
984 2507 1180 2548 arvum,
1207 2486 1357 2560 quod

329 2576 380 2616 et
406 2565 674 2618 sententia
698 2565 959 2628 auctoris,
982 2577 1032 2618 et
1046 2566 1221 2619 latina
1234 2585 1359 2621 con-

327 2643 594 2697 suetudini
637 2643 906 2698 adversari
952 2645 1176 2698 videtur.
1211 2646 1356 2710 Quid

329 2721 470 2775 enim
489 2724 554 2777 sit
572 2749 594 2772 ι
613 2725 820 2795 largum
845 2742 1030 2777 arvum
1047 2723 1358 2794 producitur

327 2802 574 2873 populis-
611 2803 696 2854 vix
733 2802 989 2874 intelligo.
1030 2803 1274 2857 Fortasse
1300 2816 1358 2858 tu

331 2881 528 2934 rectius
545 2881 692 2953 legas
715 2901 730 2935 :
770 2907 796 2927 α
822 2883 1026 2934 lautum
1045 2881 1360 2954 producitur

329 2979 498 3014 aevum
521 2988 564 3014 »-

407 3040 558 3095 1258.
593 3048 751 3112 Longi
781 3058 999 3111 tempora
1028 3047 1168 3096 saecli
1194 3043 1353 3114 Cusp.

331 3118 475 3172 vad.
499 3121 639 3174 Pith.
687 3122 884 3176 Melius
923 3123 1027 3194 legi
1071 3127 1208 3193 longi
1243 3139 1358 3176 eem-

323 3217 450 3266 pore
463 3202 626 3260 soecli,
650 3203 858 3253 monuit
870 3203 1084 3256 Camers
1105 3203 1172 3256 ad
1193 3205 1356 3258 Prisc.

333 3281 432 3344 961
449 3315 466 3341 ‚
493 3290 545 3331 et
571 3280 647 3331 sic
671 3280 794 3332 cod.
823 3281 992 3334 Ortel.

410 3355 564 3424 1259.
609 3363 692 3410 Ex
737 3378 836 3426 quo
875 3363 1089 3411 Maeonii
1125 3361 1262 3414 Veu.
1307 3375 1358 3416 et

333 3435 496 3508 Cusp.
523 3442 767 3491 Maeonios
794 3437 930 3492 vad.
962 3458 1082 3492 cum
1119 3441 1360 3494 Camerte

332 3529 386 3568 et
413 3518 577 3571 Ortel.
621 3521 891 3570 Maeoniam
925 3518 1070 3571 Pith.
1100 3518 1269 3572 Huds.
1309 3530 1361 3572 et

332 3595 435 3648 hoe
473 3598 724 3651 convenit
763 3597 1041 3669 Dionysio.
1063 3602 1201 3650 Bello
1223 3602 1360 3649 attri-

333 3695 440 3726 vere
487 3676 670 3728 maluit
721 3676 1052 3730 Schraderus
1072 3716 1088 3741 ‚
1143 3689 1359 3730 notante

335 3753 495 3806 Fries.
527 3754 672 3826 quod
710 3754 962 3828 equidem
998 3755 1188 3808 vellem
1223 3755 1359 3809 libro

334 3833 500 3884 veteri
523 3833 746 3888 firmari.

411 3915 563 3965 1260.
586 3917 791 3966 midam
807 3935 928 3966 auro
952 3917 1116 3985 Cusp.
1133 3912 1362 3971 Vadisn.

333 3991 468 4045 Pith.
500 3990 669 4044 Huds.
705 3993 797 4064 qui
839 4013 963 4046 usus
995 3993 1141 4046 verbi
1175 3995 1364 4046 illidere

339 4071 426 4123 vix
453 4069 660 4124 videtur
679 4089 740 4124 ex
766 4071 880 4125 aliis
907 4073 1212 4126 auctoribus
1239 4092 1360 4144 pro-

337 4149 453 4202 bari
478 4169 657 4228 posse,
677 4163 729 4204 et
759 4151 1024 4208 immerito
1053 4152 1108 4206 hi
1133 4153 1362 4208 editores

1441 1852 1599 1905 etiam
1654 1870 1683 1902 e
1733 1852 2037 1921 conjectura
2101 1849 2469 1921 reponendum

1445 1942 1721 1983 suaserunt
1753 1928 1965 1983 oddius
1997 1942 2049 1982 et
2077 1928 2165 1981 alii
2189 1927 2331 1981 docti
2354 1928 2471 1981 viri.

1445 2006 1735 2062 Hudsonus
1754 2021 1928 2061 tamen
1956 2008 2088 2062 alios
2114 2011 2323 2059 Illinum
2346 2025 2473 2059 con-

1441 2088 1630 2160 jecisse
1656 2090 1729 2141 ait
1751 2126 1767 2151 ,
1808 2086 2063 2159 idemque
2098 2086 2327 2157 pretulit
2352 2085 2472 2139 cod.

1444 2169 1565 2221 Ort.
1606 2168 1699 2221 sed
1741 2168 1844 2220 hoc
1880 2180 2069 2221 contra
2110 2180 2337 2220 metrum
2374 2178 2472 2219 est.

1442 2252 1674 2301 Illudunt
1705 2247 1935 2301 scribere
1960 2248 2112 2318 jubet
2146 2247 2301 2299 Maro
2324 2284 2340 2308 ‚
2380 2246 2471 2317 qui

1443 2326 1637 2400 Georg.
1668 2328 1755 2392 11,
1783 2330 1920 2392 464:
1961 2328 2315 2398 «Inlusasque
2342 2340 2473 2380 suro

1444 2419 1613 2460 vestes
1627 2445 1644 2470 ,
1668 2407 2045 2481 Ephyreiaque
2074 2425 2175 2460 aera
2197 2431 2244 2460 ι.
2274 2405 2388 2467 Ibi,
2408 2417 2469 2459 ut

1443 2486 1566 2552 hic,
1590 2497 1759 2540 vestes
1781 2505 1913 2539 auro
1933 2487 2102 2540 textili
2128 2487 2399 2541 distinctas
2419 2498 2473 2540 et

1445 2568 1735 2638 variegatas
1758 2566 2019 2639 exprimit.
2046 2567 2152 2621 En.

1523 2650 1672 2699 1261.
1688 2652 1825 2699 Auro
1844 2649 2063 2714 vestigia
2088 2651 2327 2706 condunt,
2344 2647 2402 2700 h.
2420 2667 2465 2700 e.

1445 2737 1632 2799 tegunt
1657 2765 1673 2792 ,
1736 2725 1999 2779 inducunt
2044 2728 2251 2798 plantas
2298 2727 2471 2779 aureis

1446 2805 1635 2858 calceis
1651 2842 1667 2868 ‚
1686 2817 1745 2856 ut
1762 2804 1905 2877 apud
1935 2804 2123 2858 Claud.
2148 2807 2223 2858 Ra
2231 2817 2303 2876 pt.
2324 2805 2471 2859 Pros.

1447 2884 1508 2946 1,
1546 2884 1665 2955 187,
1694 2883 1899 2937 Cereris
1930 2902 2091 2936 curru
2118 2895 2280 2937 vecta
2316 2903 2475 2937 «con-

1447 2961 1583 3014 dunt
1608 2962 1823 3032 vestigia
1843 2961 2068 3018 culmi».
2094 2963 2318 3031 Statius,
2344 2963 2473 3018 silv.

1447 3043 1518 3108 V,
1544 3061 1593 3107 2,
1630 3044 1696 3096 28
1714 3079 1729 3106 ‚
1774 3047 2007 3096 claudere
2046 3047 2265 3112 vestigia
2302 3044 2469 3097 dixit:

1456 3150 1480 3172 ι
1504 3123 1784 3196 Primaque
1802 3125 2023 3196 patricia
2048 3124 2233 3179 clausit
2260 3126 2475 3196 vestigia

1447 3203 1573 3255 luna
1594 3229 1636 3252 ιι.
1665 3203 1853 3256 Aureis
1877 3205 2259 3276 gemmatisque
2286 3205 2476 3257 calceis

1447 3281 1668 3334 Parthos
1713 3293 1767 3335 et
1805 3283 1937 3335 alios
1978 3283 2210 3336 Orientis
2250 3285 2477 3356 populos

1447 3379 1571 3414 usos
1600 3379 1740 3424 esse,
1765 3361 1945 3433 plures
1969 3361 2201 3415 tradunt.
2230 3364 2473 3431 Curtius,

1447 3439 1555 3501 lx,
1591 3459 1647 3506 1,
1684 3458 1781 3508 29,
1822 3439 1913 3492 uhi
1957 3440 2191 3511 Sophitis
2232 3442 2475 3495 habiturn

1448 3519 1727 3573 describit:
1749 3543 1771 3566 ιι
1790 3519 1967 3572 Vestis
1984 3532 2096 3572 erat
2121 3539 2253 3574 auro
2280 3539 2481 3596 purpu-

1447 3617 1617 3670 raque
1653 3598 1896 3652 distincta
1915 3639 1931 3664 ‚
1969 3617 2089 3671 quae
2128 3601 2283 3653 etism
2322 3621 2476 3657 crura

1449 3679 1663 3730 velabat
1689 3695 1703 3729 :
1748 3677 1921 3730 eureis
1975 3677 2133 3731 soleis
2192 3679 2481 3736 inseruerat

1448 3775 1685 3828 gemmas
1716 3783 1757 3806 n.
1799 3757 2162 3812 Tertullianus
2208 3759 2279 3815 de
2332 3764 2477 3816 cultu

1455 3837 1581 3889 fem.
1612 3855 1727 3908 cap.
1774 3854 1867 3890 10:
1903 3839 2124 3893 «Gi-ana
2155 3842 2333 3895 nescio
2358 3862 2478 3914 quai

1452 3916 1793 3987 (margarite)
1812 3955 1829 3980 ,
1854 3935 1970 3988 quae
1993 3919 2149 3990 plane
2168 3919 2349 3974 Parthi
2384 3943 2480 3995 pe·

1451 3996 1669 4049 mnibus
1692 4015 1906 4068 quoque
1931 3997 2037 4051 suis
2074 3999 2340 4054 bullarum
2368 4003 2481 4056 vice

1451 4075 1691 4128 inserunt
1714 4101 1759 4128 ο.
1790 4075 1891 4129 W.

1530 4159 1677 4219 1²64.
1722 4155 1829 4208 Pro
1873 4160 2153 4210 ιἰιι-Ιὶηααόι·
2191 4160 2291 4211 viri
2343 4157 2485 4212 docti
