2996 4685
451 346 582 415 168

1199 346 1277 412 R.
1333 346 1402 411 F.
1457 342 1815 413 AVIENI

537 471 696 539 Non
736 470 848 539 oui
889 494 1162 563 compar
1205 469 1559 561 quisquam
1598 462 1781 551 fluit,
1820 467 2062 564 inclyta
2102 492 2508 565 quamquam
2597 489 2610 499 ‘

539 582 860 676 Undique
897 605 966 650 se
1003 581 1160 648 totis
1196 590 1503 647 eructent
1534 575 1814 645 flumina
1852 581 2063 648 terris.

2500 603 2583 650 345

534 690 732 763 Nilus
766 693 946 761 enim
987 692 1344 759 immensos
1379 685 1607 756 ulnam
1642 687 1967 785 dispergit
2002 690 2071 757 in
2108 714 2333 785 agros*‚

537 806 624 871 Et
665 802 848 871 fovet
883 804 1146 872 invecto
1183 814 1321 869 sata
1359 798 1629 891 gurgite
1650 822 1675 864 z·
1716 798 1911 868 Nilus
1950 800 2287 869 honorem

537 912 791 983 Telluri
833 927 1136 1009 reparat:
1187 907 1385 983 Nilus
1423 908 1592 976 freta
1632 911 1920 1002 maxima
1960 909 2165 1004 pellit.

541 1024 667 1093 Hic
703 1027 926 1093 Asiam
959 1025 1043 1093 ab
1077 1024 1285 1116 Libya
1323 1019 1780 1107 disterminat,
1816 1046 1938 1089 axe.
1972 1022 2221 1089 Favoni

441 1240 500 1304 Ι,
535 1250 665 1292 tom.
691 1241 780 1303 11,
821 1259 940 1312 pag.
966 1245 1082 1310 ²74·
1119 1240 1318 1291 Verum
1349 1246 1460 1296 est,

441 1316 530 1370 hic
548 1316 727 1371 Nilum
747 1318 972 1371 describi
1001 1331 1059 1370 ut
1083 1316 1377 1371 beneficum
1409 1314 1464 1366 in

441 1398 726 1468 AEgyptum
748 1416 778 1450 :-
793 1396 884 1451 sed
909 1397 1042 1450 nihil
1062 1395 1308 1467 impedit,
1329 1412 1465 1465 quo-

443 1476 618 1528 minus
641 1489 814 1529 tamen
847 1502 869 1523 ·
883 1478 1118 1548 procula
1138 1473 1380 1529 fecundis
1393 1491 1468 1525 ar·

439 1554 538 1617 vis,
560 1558 764 1626 agmina
781 1570 956 1629 cogat,
971 1576 1152 1629 equor
1168 1567 1408 1628 proserat
1421 1580 1468 1618 ις,

441 1636 649 1703 etfirus
668 1640 718 1686 in
737 1652 947 1703 pontum
968 1637 1242 1691 efferatur.
1268 1636 1327 1687 B.
1347 1634 1468 1686 Edi-

441 1724 530 1766 tor
551 1713 765 1767 ibidem.
785 1722 928 1768 Serus
954 1718 1124 1787 prima
1145 1716 1295 1768 brevi
1323 1714 1471 1767 Sme-

447 1792 584 1857 tius‚
623 1793 844 1848 Vossius
879 1808 932 1847 et
969 1796 1062 1849 alii
1087 1794 1294 1849 dudum
1320 1792 1469 1866 gravi

439 1885 566 1925 nota
594 1872 1007 1929 damnaverunt.
1036 1874 1140 1929 Sed
1173 1892 1466 1946 numquam

438 1951 711 2018 dubitavi,
727 1956 860 2027 quin
883 1976 1016 2008 serus
1049 1975 1112 2008 ex
1137 1952 1468 2027 precedenti-

437 2031 537 2085 bus
553 2048 733 2101 septem
750 2040 870 2087 serit
883 2034 1110 2089 fluxerit.
1125 2033 1270 2099 Quid
1289 2046 1470 2087 autem

425 2108 641 2164 ‹dedet-it
664 2114 924 2181 Avienus,
950 2125 1348 2167 controversum
1370 2125 1468 2165 est.

439 2193 754 2258 Septemfluus
774 2194 849 2245 rei
871 2205 922 2245 et
941 2194 1194 2265 Dionysio
1207 2192 1471 2263 congruit.

441 2267 546 2320 Sed
571 2270 696 2340 quis
727 2270 864 2323 ferre
885 2274 1047 2342 possit
1069 2290 1083 2324 :
1131 2298 1150 2317 a
1186 2312 1198 2324 .
1221 2310 1232 2323 .
1256 2313 1267 2323 .
1307 2282 1472 2344 ponto

439 2353 750 2418 septe-rofiani·
803 2353 1024 2421 explicat
1063 2371 1171 2404 ora.
1223 2351 1346 2403 Non
1381 2351 1474 2403 oni

445 2443 662 2498 compar
719 2431 994 2502 quisquam
1040 2435 1200 2502 flm't,
1275 2431 1515 2502 inclyta'

443 2523 764 2579 quamquam
803 2508 1058 2581 Undique
1099 2529 1152 2563 se
1191 2511 1313 2564 totis
1349 2529 1471 2563 eru-

444 2597 585 2638 ctent
595 2591 817 2658 flumina
839 2591 994 2642 terris
1011 2615 1050 2642 ο.
1079 2591 1274 2644 Verius
1294 2592 1474 2662 itaque

443 2663 654 2718 videtur
677 2671 850 2734 fines,
892 2668 1040 2741 quod
1076 2672 1388 2743 Anonymus
1423 2683 1472 2723 et

445 2741 656 2797 Oddius
675 2748 866 2820 conjici
873 2763 995 2813 unt;
1025 2762 1082 2802 ut
1104 2777 1124 2796 ι
1141 2753 1282 2804 ferus
1301 2751 1470 2802 Ister»

446 2841 524 2874 vs.
559 2824 696 2892 310;
737 2851 759 2873 ιι
790 2829 933 2881 ferus
963 2831 1203 2883 Hadria»
1243 2851 1320 2884 vs.
1350 2831 1471 2901 ⁵²7·

445 2902 596 2956 Nilus
625 2918 802 2958 autem
829 2929 1007 2970 ste-vus,
1049 2930 1193 2978 asper
1231 2923 1284 2963 et
1321 2925 1476 2962 atroa-

446 2994 671 3035 vocatur
693 3003 720 3036 a
742 2985 879 3038 Mela
898 3027 913 3052 ,
932 2989 958 3038 Ι
978 3025 993 3050 ,
1022 3007 1072 3057 9.
1098 2989 1245 3042 Dicet
1266 2989 1474 3062 aliquis,

413 3091 416 3094 ·
442 3060 602 3113 talem
622 3061 844 3116 fluvium
873 3065 1102 3120 describi
1101 3071 1330 3136 fbncibus
1346 3073 1474 3121 vici-

445 3159 560 3191 num
577 3163 596 3202 ,·
611 3155 794 3196 contra
808 3149 1088 3212 placidum,
1116 3147 1206 3200 ubi
1234 3166 1291 3200 se
1310 3149 1364 3200 in
1381 3167 1474 3200 ora

445 3232 649 3291 septem
682 3223 904 3276 scindat.
935 3226 1124 3278 Fateor
1151 3246 1164 3279 :
1212 3226 1304 3281 sed
1343 3227 1476 3279 forte

447 3299 498 3349 id
525 3319 630 3354 non
651 3305 877 3357 attendit
897 3306 978 3358 vel
1001 3307 1206 3359 curavit
1227 3307 1475 3359 Avienus.

447 3378 644 3432 Favere
672 3396 816 3435 certe
839 3383 1054 3438 videtur
1077 3384 1292 3452 Statim,
1310 3385 1480 3439 Theb.

449 3457 587 3509 VIII
608 3498 625 3525 ,
657 3460 792 3516 358:
819 3463 1040 3528 «Qualis
1075 3465 1166 3516 ubi
1195 3465 1366 3518 aversi
1401 3465 1480 3518 sd*-

450 3549 623 3589 cretus
655 3540 852 3608 pabula
890 3543 1002 3596 caeli
1041 3543 1232 3608 Nilus,
1272 3558 1322 3598 et
1344 3545 1479 3598 ans

453 3633 649 3685 magno
687 3618 818 3670 bibit
861 3624 972 3675 ore‘
991 3623 1240 3694 pruinas,
1272 3623 1478 3678 scindit

453 3693 612 3746 fontis
644 3713 802 3767 opes,
835 3711 1143 3773 septemque
1173 3703 1476 3774 patentibus

451 3773 589 3824 srvis
625 3774 688 3826 In
729 3794 875 3829 mare
913 3777 1010 3832 fert
1043 3779 1281 3835 hiemes·
1301 3823 1312 3835 .
1354 3783 1476 3854 Ipse

453 3851 720 3905 Pbaenom.
753 3873 830 3907 vs.
865 3875 1000 3927 799:
1039 3883 1060 3904 ι
1087 3859 1186 3912 vel
1224 3861 1370 3934 quod
1405 3863 1475 3916 de

454 3929 615 3982 medii
646 3933 922 4007 prolapsus
949 3948 1096 4007 parte
1123 3937 1259 4007 diei,
1277 3941 1478 3994 Vastus

452 4008 510 4059 in
539 4029 809 4082 aequoreas
827 4017 999 4089 pelagi
1023 4037 1135 4072 sese
1155 4019 1350 4074 inferat
1377 4041 1477 4074 un-

453 4086 550 4142 das
568 4114 590 4135 ι
605 4130 618 4144 .
635 4089 797 4145 Scan.
817 4125 886 4134 —
904 4101 1093 4165 Septem
1112 4117 1245 4151 serus
1263 4103 1484 4167 explicat

1554 1232 1719 1287 edidit
1759 1236 1891 1289 Pith.
1928 1240 2244 1309 Septemfluus
2282 1236 2392 1287 vult
2422 1253 2587 1287 anou-

1553 1315 1757 1386 Anglus
1782 1317 1836 1368 in
1851 1315 1984 1369 obs.
2007 1316 2227 1369 miscell.
2246 1326 2282 1368 t.
2312 1316 2340 1367 1
2358 1356 2372 1381 ,
2392 1334 2441 1386 p.
2459 1320 2579 1385 ²74·

1554 1393 1883 1449 Schraderus
1910 1395 2039 1449 olim
2075 1395 2131 1448 in
2162 1392 2372 1448 schedis
2406 1397 2583 1466 conje-

1556 1486 1701 1526 cerat
1734 1494 1848 1526 suus
1887 1478 2105 1544 explicat
2124 1496 2143 1527 .·
2177 1476 2235 1527 in
2280 1475 2419 1527 notis
2465 1484 2585 1545 post

1555 1553 1683 1605 alias
1709 1557 2038 1627 conjecturas
2064 1554 2250 1627 recipit
2249 1556 2412 1622 serus,
2436 1551 2586 1623 qudd

1557 1631 1761 1685 dudum
1810 1646 2099 1704 posuerunt
2142 1635 2309 1706 Cusp.
2360 1643 2409 1685 et
2443 1629 2587 1685 vad.

1631 1712 1747 1775 345.
1770 1711 2383 1784 Enectentflumina.vide
2402 1721 2583 1764 notata

1558 1791 1627 1843 ad
1652 1811 1731 1845 vs.
1760 1794 1875 1846 213.
1914 1793 2015 1845 En.

1632 1872 1747 1935 346.
1782 1877 1927 1926 Nilus
1962 1890 2009 1925 et
2049 1876 2301 1925 immensos
2317 1892 2335 1921 .·
2368 1871 2443 1923 sic
2473 1868 2589 1921 vul-

1556 1964 1712 2021 gatoe:
1733 1964 1786 2004 et
1808 1955 2052 2003 immersos
2074 1954 2212 2023 conj.
2234 1950 2420 2003 Heius.
2445 1952 2587 1999 Nilus

1558 2036 1687 2083 enim
1716 2054 1893 2085 mersos
1920 2033 2159 2103 Higtius:
2189 2044 2441 2084 neutrum
2468 2046 2587 2099 pro-

1561 2115 1653 2166 bat
1682 2112 2027 2166 Schraderus.
2064 2112 2197 2165 Mihi
2239 2110 2417 2183 placet
2444 2113 2587 2161 Nilus

1560 2195 1690 2243 enim
1732 2198 2003 2246 immensos.
2044 2196 2221 2245 Ulnam
2252 2194 2484 2260 dispergit
2503 2188 2587 2241 Pi-

1562 2272 1730 2325 thoeus
1757 2273 2023 2345 vulgavit,
2056 2272 2202 2325 unde
2230 2284 2283 2326 et
2308 2271 2399 2322 alii
2434 2289 2449 2323 ε
2494 2268 2589 2322 sed

1562 2357 1723 2404 taluam
1752 2352 1913 2405 habet
1939 2355 2077 2406 Ven.
2107 2354 2269 2424 Cusp.
2296 2349 2437 2404 vad.
2464 2367 2590 2402 cum

1565 2433 1745 2484 Ambr.
1800 2435 1915 2485 cod.
1968 2432 2135 2504 idque
2191 2432 2439 2502 deinceps
2494 2447 2592 2501 per

1562 2513 1921 2582 conjecturam
1950 2513 2271 2565 invenerunt
2303 2510 2489 2563 Heius.
2520 2507 2591 2559 ad

1561 2591 1725 2644 Ovid.
1756 2591 1882 2645 Met.
1912 2592 2062 2657 XIV,
2086 2593 2199 2645 103.
2229 2589 2396 2642 Huds.
2426 2588 2592 2640 Brou-

1564 2669 1754 2724 ckhus.
1776 2670 1936 2737 Quod
1960 2684 2135 2724 tamen
2159 2671 2382 2722 miratur
2404 2667 2597 2722 Schra-

1563 2750 1725 2804 derus
1740 2751 2059 2824 degentibus
2068 2749 2375 2802 hominihus
2384 2747 2594 2818 placere

1562 2831 1809 2902 potuisse.
1830 2830 2001 2901 Igitur
2017 2828 2201 2882 scribit
2219 2831 2412 2887 limum,
2431 2824 2594 2896 idque

1564 2911 1777 2981 copiose
1800 2921 1852 2974 et
1876 2909 2033 2962 docte
2060 2906 2325 2961 defendit.
2350 2905 2484 2958 Mihi
2509 2916 2593 2956 to-

1563 2988 1798 3042 lerabilis
1826 2988 1981 3041 lectio
2008 2991 2177 3039 ulnam
2200 2985 2431 3048 videtur,
2460 3001 2595 3054 prae-

1565 3071 1680 3122 fero
1709 3081 1885 3121 tamen
1924 3068 2126 3121 caeteris
2156 3070 2320 3118 vitam
2361 3066 2597 3132 dispergit

1566 3152 1617 3198 ’ἠ
1660 3147 2041 3217 agros.-—Vid.
2081 3147 2347 3199 Excursus
2390 3144 2473 3196 111
2520 3137 2591 3194 ad

1566 3229 1763 3280 calcem
1792 3227 1951 3299 hujus
1981 3225 2249 3278 carminis.
2277 3223 2375 3276 En.

1640 3309 1757 3378 349.
1778 3311 1875 3358 Hic
1898 3311 2070 3357 Asiam
2095 3309 2161 3356 ab
2192 3307 2341 3370 Libya
2366 3305 2597 3354 distermi-

1572 3401 1677 3438 nat.
1716 3385 2021 3458 Elegantius
2052 3385 2219 3438 foret:
2248 3385 2345 3436 Hic
2366 3385 2487 3433 Asia
2515 3385 2597 3432 Li-

1572 3471 1715 3531 byam
1766 3468 2075 3518 disterminat
2085 3503 2102 3526 ,
2140 3462 2272 3535 quia
2323 3459 2592 3532 sequitur:

1570 3564 1671 3597 axe
1716 3549 1904 3596 Favoni
1941 3549 2198 3596 Sacer-nens
2242 3543 2445 3608 Libqu
2460 3560 2479 3590 .·
2500 3557 2599 3592 nec

1569 3624 1724 3677 aliter
1752 3622 1905 3678 Dion.
1925 3623 2047 3677 230:
2069 3615 2139 3685 ὀς
2155 3626 2216 3695 ῥά
2232 3643 2287 3675 τι
2312 3619 2395 3674 καὶ
2414 3617 2596 3676 Λιὸύην

1568 3708 1906 3776 ἀποτέμνιτσιι
1930 3699 2113 3765 Ᾰσὶδος
2159 3705 2267 3764 αἴης
2292 3727 2304 3740 ·
2347 3709 2400 3752 et
2435 3697 2599 3750 Prisc.

1565 3802 1620 3836 v.
1650 3801 1782 3851 219:
1828 3808 1849 3830 ι
1867 3783 1965 3836 Hic
1988 3782 2108 3835 latis
2122 3781 2327 3853 Libyen
2346 3777 2483 3831 Asia
2497 3774 2602 3828 dis-

1565 3863 1813 3916 terminat
1841 3862 1948 3915 oris
1966 3886 2013 3914 a.
2034 3860 2179 3914 Nihil
2212 3873 2391 3912 tamen
2420 3867 2604 3913 muto,

1568 3941 1714 4017 quod
1757 3943 1831 3997 sic
1878 3947 1946 3993 ab
1982 3940 2102 4015 eJici
2137 3939 2330 4001 debet,
2361 3948 2413 3990 et
2448 3953 2602 3989 casus

1568 4021 1903 4075 commutari.
1959 4021 2167 4076 Habere
2218 4017 2374 4071 etiam
2428 4013 2601 4087 potuit

1570 4100 1691 4156 cod.
1714 4099 1940 4153 similem
1966 4097 2117 4153 Bodt.
2142 4097 2172 4152 5
2190 4137 2206 4164 ,
2246 4095 2339 4168 qui
2363 4091 2597 4148 exhibet:
