2996 4685
452 245 609 322 ,216

1224 251 1303 316 R.
1356 252 1431 316 F.
1480 249 1840 318 AVIENI

562 376 705 442 Axe
741 372 905 442 Noti
942 371 1189 465 rigidas
1220 371 1451 440 subter
1482 393 1683 463 rupes
1715 371 2070 463 Aracynthi

559 487 745 554 Gens
776 479 993 552 AEtola
1028 480 1223 566 colit3
1258 481 1512 574 campis
1545 480 1638 548 ibi
1675 477 1957 572 pulcher
1989 481 2240 573 apertis

560 593 868 678 Labitur,
903 605 972 659 et
1011 590 1257 660 virides
1296 589 1560 660 sulcans
1602 603 1812 658 terras
1847 589 2182 660 Achelous
2243 672 2254 683 ,

560 703 768 772 Irruit
798 700 1110 770 Hadriaci
1148 717 1411 796 tergum
1446 701 1694 788 maris;
1730 699 1976 794 hicque
2013 699 2403 797 frequentes

562 817 615 881 F
618 810 1352 904 luctibusadtolluntur
1376 811 1782 883 Echinades:
1829 811 2011 882 haud
2039 811 2274 905 procul
2304 811 2457 880 inde
2513 835 2593 886 5⁹⁵

564 921 791 992 Prisca
828 918 1251 1015 Cephallenae
1290 937 1706 1016 consurgunt
1741 920 1990 1016 oppida
2027 937 2238 990 terrae.

562 1029 899 1124 Delphica
929 1033 1093 1124 quin
1128 1031 1331 1100 etiam
1371 1033 1606 1100 miscet
1635 1031 1934 1102 confinia
1970 1031 2239 1114 Phocis,

558 1142 759 1211 Lucis
802 1142 873 1210 in
910 1149 1213 1210 exortum
1250 1142 1670 1236 protentiorr,
1718 1143 1923 1236 inque
1957 1145 2212 1212 Booten

560 1249 1025 1345 Thermopylae
1054 1251 1323 1321 cedunt.
1365 1254 1494 1322 Hic
1525 1277 1594 1322 se
1620 1254 1970 1323 Parnassia
2001 1278 2200 1348 rupes

463 1474 646 1512 omnes
664 1456 867 1510 habent
884 1455 1041 1522 editi,
1056 1457 1159 1510 nisi
1186 1457 1333 1529 quod
1348 1458 1483 1512 vad.
1562 1479 1658 1526 per
1663 1464 1828 1528 plana
1847 1455 2010 1511 Prisc.
2043 1475 2094 1508 v.
2121 1456 2244 1520 634.
2263 1457 2362 1510 W.
2387 1488 2456 1498 -—
2481 1457 2596 1513 Od-

464 1540 671 1588 Dvdone
697 1535 934 1606 scripsit:
972 1535 1121 1608 quod
1148 1537 1306 1588 etiam
1338 1536 1485 1608 iuge-

462 1615 555 1668 nio
587 1627 903 1686 repererunt
938 1613 1151 1686 Higtius
1175 1626 1227 1667 et
1261 1614 1484 1668 Schrad.

452 1707 651 1760 ,caetera
673 1694 831 1746 variis
858 1692 1175 1765 conjecturis
1198 1705 1455 1748 tentantes
1470 1735 1485 1762 ,

463 1793 583 1846 quae
605 1771 661 1825 in
689 1772 825 1826 notis
848 1770 1135 1825 Schrader-i
1162 1771 1485 1836 referuntur,

463 1869 517 1908 et
546 1853 743 1928 quibus
771 1852 869 1922 ipsi
896 1851 996 1904 sibi
1027 1870 1215 1922 parum
1254 1853 1488 1906 effecisse

462 1935 529 1988 ad
573 1933 947 1988 elucidandum
986 1933 1130 1988 hunc
1172 1934 1349 1988 locum
1392 1933 1485 1988 visi

462 2026 605 2068 sunt.
638 2012 844 2066 Etenim
879 2012 921 2064 si
947 2012 1027 2066 vel
1048 2017 1261 2066 Dodone
1283 2018 1487 2065 alumna

463 2099 617 2154 vacis,
635 2093 901 2162 velpaen's,
918 2091 1005 2144 vel
1020 2097 1243 2146 Dodona
1263 2097 1488 2164 alummaes

462 2171 639 2226 nescio
663 2172 809 2242 quis,
835 2174 957 2222 mitis
968 2209 987 2233 ‚
1014 2185 1216 2233 vastus,
1238 2175 1369 2224 dives
1394 2191 1491 2243 pro

462 2255 599 2304 vatis
628 2249 852 2315 dicatur,
872 2251 1123 2304 hactenus
1144 2269 1337 2322 parum
1365 2250 1491 2302 inde

465 2330 599 2383 lucis
630 2327 852 2383 accedit.
883 2329 1013 2383 Mihi
1044 2329 1301 2388 servanda
1342 2327 1489 2383 vi'de-

464 2423 553 2478 tur
574 2408 783 2481 vulgata
811 2408 963 2462 lectio
980 2446 995 2473 ‚
1030 2408 1375 2481 intelligenda
1398 2428 1489 2462 ve-

464 2508 529 2557 ro
563 2487 631 2541 de
666 2500 849 2541 monte
865 2488 1099 2543 Tomaro
1119 2530 1134 2555 ,
1176 2490 1231 2543 in
1257 2508 1365 2561 quo
1386 2491 1492 2567 Do·

465 2566 847 2622 dona.—Vid.
887 2568 1153 2623 Excursus
1187 2568 1237 2633 V
1280 2565 1349 2619 ad
1387 2567 1491 2619 cal-

464 2667 579 2701 cem
606 2647 766 2719 hujus
792 2647 1062 2701 carminis.
1092 2648 1196 2706 En.

538 2728 660 2797 591.
704 2735 818 2781 Axe
851 2732 969 2779 Noti
1000 2732 1139 2779 tn'eas
1178 2730 1358 2777 subter.
1388 2726 1491 2779 Pro

463 2811 602 2859 tritas
641 2826 759 2881 ego!
781 2807 1033 2877 recipiam
1069 2808 1293 2875 rigidas,
1344 2804 1490 2879 quod

464 2886 647 2939 Asnbr.
688 2886 864 2939 ofaert.
902 2884 1180 2937 Accedunt
1219 2882 1489 2937 literarum

466 2964 780 3036 compendia
810 2963 862 3015 in
883 2963 1029 3029 aliis,
1047 2974 1098 3015 et
1122 2963 1295 3015 firmat
1320 2962 1493 3015 lectio·

471 3063 592 3099 nem
615 3063 740 3098 usus
759 3043 971 3107 Avieni,
989 3055 1046 3095 ut
1068 3060 1138 3095 vs.
1156 3044 1257 3106 428
1282 3060 1296 3094 ε
1335 3069 1356 3090 ι
1380 3042 1492 3095 Nec

466 3124 651 3194 procul
680 3122 809 3173 hinc
836 3119 1018 3190 rigidis
1044 3122 1321 3192 insurgunt
1348 3122 1493 3194 rupi-

474 3205 573 3256 bus
594 3202 754 3272 Alpes
780 3225 821 3252 ·.
848 3200 917 3261 Et,
932 3219 982 3251 v.
999 3200 1127 3269 783:
1154 3198 1347 3277 «rigidi
1364 3202 1493 3272 juga

464 3281 699 3335 maxima
730 3277 923 3331 montis
958 3279 1199 3355 Nubibus
1227 3278 1491 3332 adtollunt

466 3378 645 3432 rupes,
658 3371 708 3412 et
724 3373 872 3430 terga
886 3370 1186 3413 tumescunt
1204 3385 1225 3406 .-
1237 3361 1345 3412 .Vs.
1365 3359 1491 3411 208:

468 3466 492 3484 α
508 3436 703 3509 rigidas
720 3456 895 3491 errare
915 3438 1093 3491 ferunt
1114 3458 1211 3511 per
1226 3455 1492 3491 marmora

466 3528 648 3571 cautes
670 3542 693 3561 ι»
716 3536 731 3584 ;
775 3528 825 3567 et
866 3518 1171 3571 conferatur
1212 3537 1287 3569 vs.
1338 3515 1491 3569 1333.

469 3596 554 3648 sic
576 3593 731 3647 etiam
754 3597 909 3663 rigere
930 3615 977 3647 v.
996 3598 1117 3649 810.
1140 3597 1493 3649 Suum—Axe

472 3677 589 3725 Noti
610 3676 747 3725 tricas
775 3678 967 3727 subter:
996 3676 1072 3729 sic
1108 3674 1245 3727 male
1278 3674 1413 3728 Pith.
1442 3686 1491 3727 et

472 3748 639 3804 Huds.
668 3754 851 3821 rigidas
892 3758 1054 3804 subter
1083 3754 1245 3825 Cusp.
1280 3764 1329 3805 et
1357 3750 1494 3807 vad.

474 3828 733 3884 dederunt
752 3870 767 3893 ,
802 3844 963 3885 recte.

545 3910 659 3977 592.
706 3914 895 3978 Camffl's
938 3914 1117 3979 apertis
1166 3915 1391 3973 Labitur,
1436 3924 1493 3965 ut

460 4007 557 4055 per
576 4003 747 4059 aperta
774 3994 983 4041 Iocorum
1012 4009 1059 4042 v.
1096 3990 1219 4055 281,
1252 3992 1412 4052 1182,
1443 4003 1496 4043 et

1573 1536 1695 1590 dius
1723 1537 1944 1590 tentavit
1964 1539 2046 1588 ubi
2063 1539 2284 1603 pulcher,
2319 1534 2464 1605 quod
2494 1536 2597 1588 im·-

1575 1618 1768 1689 probat
1794 1615 2016 1670 Schrad.
2049 1627 2209 1686 atque
2231 1617 2298 1664 ibi
2321 1613 2496 1666 firmat
2519 1634 2596 1667 vs.

1575 1698 1672 1750 801
1696 1713 1710 1747 ε
1733 1721 1758 1742 α
1775 1695 1956 1748 Icarus
1969 1733 1981 1746 .
1995 1733 2008 1748 .
2023 1732 2035 1743 .
2048 1693 2316 1764 consurgit
2335 1733 2350 1760 ,
2371 1711 2602 1765 namque

1577 1775 1746 1828 Sabaei
1765 1774 1922 1828 Turis
1951 1773 2024 1825 ibi
2064 1791 2297 1844 semper,
2318 1783 2455 1826 etc.»
2496 1775 2602 1826 Cu·

1575 1857 1852 1927 opinianus
1894 1867 2070 1906 tamen
2109 1855 2190 1904 ubi
2219 1857 2422 1921 pulcher
2455 1853 2598 1906 exhi·

1573 1937 1716 2002 buit,
1752 1953 1925 2006 neque
1954 1931 2008 1986 id
2038 1932 2166 1984 mihi
2195 1933 2600 2005 improbandum

1575 2015 1799 2068 videtur.

1647 2093 1765 2160 593.
1799 2096 1991 2144 Vir-ides
2023 2097 2223 2144 sulcans
2259 2107 2416 2144 terrm
2437 2095 2600 2144 Ache·

1575 2179 1698 2226 lons.
1751 2172 1837 2226 Sic
1875 2172 2064 2243 virgil.
2102 2171 2298 2242 Georg.
2335 2172 2430 2235 lv,
2469 2189 2566 2240 291
2587 2212 2605 2236 ,

1579 2277 1602 2300 ιι
1625 2250 1849 2304 viridem
1885 2253 2174 2323 AEgyptum
2199 2277 2221 2297 ·
2263 2263 2478 2322 propter
2505 2251 2601 2302 Ni-

1576 2331 1688 2384 lum
1717 2329 1964 2404 adpellat.
1992 2329 2149 2383 Conf.
2177 2329 2356 2384 Heius.
2387 2329 2456 2383 ad
2481 2329 2602 2382 val.

1575 2411 1750 2465 Flacc.
1765 2412 1840 2475 V,
1863 2412 1982 2475 486.
2003 2410 2172 2463 Scan.

1648 2489 1767 2558 594.
1784 2489 1990 2545 oddiua
2007 2508 2024 2542 ε
2049 2490 2250 2545 Forsan
2277 2493 2487 2558 hincque
2489 2490 2604 2557 sre-

1575 2584 1777 2637 quantes
1787 2592 1808 2631 ‚·
1827 2582 1879 2623 et
1895 2568 2138 2623 Heinsius
2153 2572 2326 2637 Iu‘sque
2339 2569 2482 2639 legit.
2497 2568 2603 2623 sed

1575 2652 1746 2717 hicque
1763 2647 2088 2703 Schrader-us
2113 2649 2184 2701 ait
2211 2649 2458 2719 frequens
2478 2648 2604 2701 Poe-

1576 2738 1641 2780 toe
1672 2745 1782 2781 esse
1803 2766 1820 2792 ,
1867 2740 1920 2780 et
1954 2745 2076 2779 cum
2120 2731 2428 2779 adtolluntur
2463 2744 2606 2779 com-

1576 2818 1724 2875 parat
1741 2825 1956 2859 versum
1978 2826 2078 2877 71²
2100 2825 2114 2859 :
2148 2833 2173 2854 ‹-
2188 2807 2300 2860 Nec
2318 2806 2494 2859 minus
2513 2806 2604 2861 ad·

1575 2886 1835 2940 tolluntur
1864 2884 2079 2939 Ionidea
2110 2886 2295 2939 inaulae
2321 2888 2389 2938 ab
2408 2886 2566 2939 alten.

1650 2965 1772 3033 596.
1807 2968 2118 3033 Cephallenae
2145 2981 2308 3017 εον-ηε.
2343 2964 2599 3017 Priscian.

1578 3065 1626 3098 v.
1650 3051 1752 3113 449
1776 3063 1790 3097 τ
1829 3070 1856 3090 α
1877 3046 2059 3116 Regna
2088 3042 2420 3115 Cephallenia
2439 3062 2607 3116 prope
2695 3058 2710 3067 ·

1577 3136 1701 3176 sunt
1722 3123 1966 3194 sapientis
1985 3124 2162 3195 Ulyssi
2183 3148 2228 3175 n.
2253 3122 2408 3177 Conf.
2422 3122 2606 3177 Wass.

1577 3201 1646 3255 ad
1666 3201 1914 3275 Thucyd.
1941 3222 1999 3274 p.
2021 3206 2122 3272 670
2136 3220 2152 3268 ;
2181 3200 2422 3255 Bondam
2439 3243 2454 3267 ,
2475 3203 2602 3257 Var.

1577 3284 1726 3335 Lect.
1755 3302 1806 3354 p.
1837 3282 1954 3336 328.
1986 3283 2145 3337 Scan.

1651 3359 1770 3430 599.
1811 3364 2109 3431 ΤῙιεν-ηιορῐὶσ
2145 3365 2342 3413 coedum
2381 3360 2602 3432 Cuspin.

1581 3438 1831 3492 mendose
1853 3458 1869 3491 τ
1919 3440 2110 3511 reliqui
2153 3443 2484 3507 Thannoprlae
2519 3459 2603 3490 ce-

1580 3521 1720 3571 dunt.
1736 3548 1804 3558 ——
1817 3522 2087 3591 Parnassi?
2108 3538 2266 3586 rupes.
2289 3518 2495 3588 Duplex
2521 3517 2604 3569 in-

1583 3598 1795 3649 venitur
1823 3598 2079 3669 scriptura
2103 3604 2377 3649 Parnassus
2409 3609 2462 3649 et
2485 3603 2608 3649 Pan

1585 3694 1752 3727 nasus.
1787 3674 1936 3730 Hanc
1981 3676 2173 3747 probat
2213 3674 2392 3729 Heius.
2415 3676 2606 3747 Vix-gil.

1584 3754 1699 3807 Ecl.
1727 3752 1777 3805 X
1797 3794 1813 3818 ,
1848 3772 1930 3818 11,
1963 3754 2156 3827 Georg.
2179 3756 2266 3821 11,
2305 3756 2404 3818 18;
2435 3754 2602 3809 Drak.

1583 3832 1650 3886 nd
1693 3834 1803 3887 Liv.
1845 3835 1994 3889 XLII
2013 3873 2030 3899 ‚
2079 3839 2142 3887 16
2162 3872 2177 3899 ‚
2220 3852 2265 3889 1.
2305 3835 2607 3905 Utrumque

1585 3912 1744 3967 scribi
1776 3914 1890 3965 vult
1922 3913 2202 3985 spanhem.
2223 3913 2290 3969 ad
2313 3913 2521 3967 Gallim.
2551 3913 2605 3965 in

1585 3992 1698 4045 Del.
1727 4010 1777 4043 v.
1805 3993 1889 4060 93.
1913 3992 2073 4045 Semi.
