2996 4685
765 393 1388 462 DESCRIPTIO
1444 395 1739 463 ORBIS
1788 395 2164 462 TERRAE.
2241 435 2247 440 -

2389 391 2529 479 345

587 514 774 604 Quin
810 515 1010 584 etiam
1054 528 1202 609 post
1245 516 1366 585 hos
1409 540 1601 585 amor
1636 532 1734 585 est
1770 516 1823 585 si
1861 516 2117 586 discere
2150 521 2381 587 Persas

492 623 915 710 Consimilis,
958 622 1295 719 solersque
1331 626 1541 693 trahit
1582 642 1644 695 te
1684 652 1846 695 cura
1888 652 2011 721 per
2046 628 2321 715 orbem3
2432 656 2535 725 3250

494 738 630 805 Has
673 759 940 829 quoque
974 738 1172 805 Musa
1205 735 1326 804 tihi
1361 736 1681 805 formabit
1718 737 2014 805 carmine
2050 752 2290 820 terras,

499 850 670 935 Quae
703 844 990 941 liquidos
1026 872 1256 919 amnes
1291 848 1396 915 via
1436 846 1753 931 devehat,
1790 862 1999 941 utque
2022 848 2338 941 jugorum

391 1066 424 1119 5
438 1082 531 1133 19:
555 1090 580 1109 0-
597 1065 738 1117 ferro
761 1064 1054 1119 subtexitur
1079 1066 1262 1133 ether,
1281 1066 1418 1121 Nox-

276 1208 280 1213 ,
379 1164 498 1217 que
523 1162 680 1216 super
707 1162 894 1215 campo
920 1144 1035 1198 telis
1061 1156 1304 1198 conserta
1333 1164 1418 1215 pe-

393 1222 581 1295 pendit
605 1249 644 1275 n.
690 1224 755 1275 Et
785 1222 978 1276 Noster
1013 1242 1174 1296 supra
1201 1242 1282 1276 vs.
1311 1226 1378 1286 64
1402 1241 1416 1277 :

391 1332 417 1350 ιε
444 1303 644 1375 Pingue
666 1304 946 1355 tenebrosa
977 1304 1162 1357 caelum
1195 1302 1419 1357 subtexi-

389 1396 480 1436 tur
503 1382 664 1436 aetbra
682 1409 726 1436 ι.
751 1384 854 1439 W.

469 1470 619 1531 1249.
652 1466 778 1533 Quin
804 1468 856 1515 in
877 1478 1051 1531 pactos
1085 1484 1230 1515 amor
1268 1480 1342 1515 ese
1378 1469 1423 1517 si

1506 1084 1579 1117 no
1602 1064 1738 1121 adeo
1752 1104 1767 1131 ‚
1793 1066 1883 1138 qui
1902 1086 1951 1118 v.
1975 1066 2079 1135 959
2102 1086 2117 1121 τ
2153 1091 2176 1112 ι
2194 1065 2316 1118 Post
2336 1066 2435 1118 hos
2452 1083 2533 1123 est

1507 1144 1693 1208 Persis,
1714 1143 2039 1198 circumdata
2064 1144 2333 1197 montibus
2354 1144 2476 1198 altis
2490 1172 2533 1197 ιι.

1506 1224 1657 1278 Hanc
1683 1226 1845 1296 igitur
1866 1226 2060 1297 recepi.

1584 1302 1735 1357 1251.
1758 1309 1863 1356 Has
1891 1324 2085 1373 quoquc
2102 1306 2261 1357 Invisa
2281 1307 2369 1355 tihi
2387 1305 2527 1357 Ven.

1506 1384 1693 1437 vitiose
1716 1384 1983 1453 :formabit
1996 1387 2203 1435 cardine
2220 1398 2375 1435 terras
2390 1382 2530 1435 Pith.

1508 1468 1732 1515 narrabit
1744 1466 1963 1516 carmine
1987 1464 2147 1536 Cusp.
2166 1476 2218 1517 et
2237 1462 2375 1517 vad.
2393 1464 2533 1518 Hinc

391 1544 580 1594 discere
624 1548 798 1594 Persas
838 1544 973 1596 Ven.
1015 1546 1141 1611 Quin
1187 1546 1420 1612 impactus
1491 1542 1737 1611 fumabit
1768 1546 1986 1595 carmine
2020 1559 2176 1595 terras
2201 1542 2325 1597 edit.
2344 1541 2529 1597 Madr.
2557 1556 2563 1561 '

391 1622 570 1673 amor*
589 1636 664 1675 est
687 1626 732 1674 εἰ
756 1626 920 1675 dicere
937 1630 1113 1675 Persas
1140 1622 1276 1676 Pith.
1295 1624 1424 1694 Sup.

390 1701 550 1771 plevit
587 1700 878 1755 Hudsonus
901 1701 1136 1769 hiatum,
1171 1702 1246 1755 sic
1267 1720 1422 1756 versu

397 1779 656 1832 instructo
687 1785 814 1848 Quin
836 1784 1073 1849 impactus
1099 1801 1242 1832 amor
1263 1802 1426 1851 super-

394 1872 466 1908 est
487 1861 534 1909 si
547 1861 710 1910 ἀίων-ο
728 1866 900 1911 Persas
914 1897 929 1921 ,
955 1871 1007 1911 et
1031 1860 1342 1933 Anonymus
1364 1861 1424 1915 in

395 1936 522 1987 Obs.
545 1936 701 1990 Misc.
728 1937 831 1989 vol.
854 1938 912 2002 1,
934 1950 1064 1990 tom.
1092 1939 1197 2002 111,
1219 1958 1276 2010 p.
1300 1940 1426 2010 377,-

393 2018 582 2065 discere
605 2022 782 2067 Persas
817 2017 1046 2068 mavult:
1086 2018 1174 2069 cui
1197 2018 1424 2091 refraga-

395 2104 482 2145 tur
515 2092 691 2145 editor
719 2096 876 2148 Obss.
908 2106 959 2147 et
985 2099 1248 2164 impactum
1283 2118 1422 2149 amo·

391 2192 490 2223 rem
512 2172 785 2245 rejiciens,
829 2192 952 2227 cum
980 2174 1083 2228 alio
1109 2176 1225 2228 viro
1261 2174 1420 2230 docto

391 2252 596 2303 mavult
665 2252 894 2306 scribere
957 2256 1084 2322 Quin
1145 2258 1418 2323 impacatos

388 2351 534 2382 amor
557 2349 632 2384 ese
656 2335 706 2385 .ςί
726 2335 914 2386 discere
939 2340 1138 2397 Persas,
1160 2336 1416 2408 quoniam

389 2423 438 2464 et
461 2413 651 2467 Noster
673 2433 746 2466 vs.
771 2415 874 2468 863
909 2415 1130 2486 Scythas
1155 2429 1310 2470 vocet
1335 2419 1419 2468 im·

384 2506 592 2558 pacatos
610 2532 626 2553 ,
656 2505 709 2545 et
730 2493 882 2548 Maro
899 2531 915 2556 ‚
942 2493 1136 2565 Georgae
1155 2494 1260 2558 111,
1282 2496 1410 2561 403,

397 2595 420 2613 ι
447 2571 740 2642 impacatos
766 2571 949 2624 Iberos
966 2597 1017 2624 ι.
1047 2571 1170 2624 Hoec
1201 2573 1311 2645 ipsa
1339 2586 1418 2628 est

389 2649 690 2720 observatio
719 2651 814 2704 viri
834 2650 999 2715 docti,
1026 2669 1184 2722 quem
1199 2651 1418 2707 Witho-

391 2727 520 2779 fium
545 2747 656 2782 esse
680 2729 955 2802 suspicor,
1010 2729 1078 2782 ad
1108 2747 1254 2783 oram
1285 2731 1412 2786 edit.

387 2807 644 2878 Antverp.
685 2825 848 2860 manu
884 2805 1172 2861 Schraderi
1206 2823 1416 2875 notatu

390 2885 482 2958 qui
506 2905 624 2940 enm
645 2887 755 2959 ipse
781 2888 1063 2941 lectionem
1087 2889 1276 2959 probat
1302 2892 1416 2944 Oh-

388 2983 522 3018 serv.
547 2982 666 3037 pag.
695 2967 783 3032 43.
809 2967 878 3019 Et
910 2967 1087 3020 favere
1114 2967 1164 3021 ei
1203 2987 1417 3042 quoque

389 3042 542 3096 video
584 3045 708 3099 cod.
754 3047 922 3100 Ortel.
965 3050 1118 3120 cujus
1169 3062 1416 3122 excerpta

391 3123 576 3176 habeo.
612 3123 717 3179 Sed
743 3128 984 3197 quamvis
1017 3147 1082 3181 ea
1118 3147 1180 3181 ex
1199 3129 1416 3184 Veneto

388 3199 674 3270 depravata
707 3203 972 3276 scriptura
998 3210 1236 3276 impactos
1257 3209 1414 3262 Facile

390 3278 508 3332 elici
556 3280 727 3350 potuit
743 3322 758 3347 ,
819 3302 918 3353 ego
961 3297 1140 3338 tamen
1187 3287 1414 3356 probare

387 3375 604 3427 prorsus
645 3377 755 3412 non
793 3379 1024 3431 possum.
1062 3363 1199 3416 Nam
1236 3365 1415 3437 inepte

387 3437 494 3490 hoc
528 3438 794 3509 epitheton
836 3439 1006 3494 Persis
1043 3441 1240 3513 adponi
1266 3443 1414 3497 vide-

387 3527 496 3576 tur,
529 3515 597 3569 de
630 3517 824 3590 quibus
860 3517 992 3571 nihil
1026 3519 1277 3593 deinceps
1308 3515 1416 3577 rue·

387 3607 558 3648 morat
572 3607 780 3662 auctor,
795 3597 940 3651 unde
961 3597 1251 3671 impacatos
1271 3602 1423 3656 valde

386 3674 676 3746 intelligas,
722 3677 904 3749 quales
927 3691 1052 3732 ante
1075 3679 1298 3733 Parthos
1323 3680 1418 3735 de-

385 3755 609 3826 scripsit.
647 3759 715 3806 At
751 3756 907 3811 lectio
948 3759 1056 3811 alia
1093 3775 1244 3830 aeque
1279 3761 1416 3815 bene

386 3849 508 3884 cum
549 3833 764 3888 Veneto
813 3837 1075 3908 scriptura
1124 3839 1369 3892 convenit
1396 3876 1412 3902 ,

385 3931 549 3983 quam
572 3914 736 3986 Cusp.
773 3929 824 3969 et
851 3915 989 3993 ved.
1019 3917 1406 3990 prodiderunt:

389 3993 520 4059 Quin
545 3995 692 4044 etae‘am
710 4009 830 4062 pos-e
862 3999 948 4046 hos
982 4016 1122 4047 amor
1155 4013 1230 4049 est
1263 4003 1308 4048 εἰ
1339 4003 1412 4050 di·

385 4091 522 4122 scere
542 4076 734 4126 Persas.
753 4073 882 4127 Haee
903 4075 1058 4129 lectio
1083 4089 1136 4130 et
1158 4077 1414 4151 Dionysio

387 4167 437 4201 v.
468 4148 600 4204 1053
621 4151 753 4206 bene
777 4153 1060 4225 respondet
1075 4196 1090 4224 ‚
1118 4169 1170 4208 et
1188 4157 1411 4212 Priscia-

1509 1634 1562 1675 et
1588 1622 1758 1676 Hnds.
1785 1622 1930 1695 quod
1950 1635 2153 1678 rectum
2176 1636 2267 1675 est.
2287 1622 2369 1676 Sic
2388 1621 2529 1675 enim

1511 1701 1657 1773 loqui
1677 1704 1809 1757 solet
1826 1704 2031 1755 Noster.
2050 1702 2146 1755 Vs.
2168 1702 2270 1755 386
2290 1720 2305 1754 t
2344 1727 2370 1748 ι
2386 1700 2530 1753 Talis

1514 1782 1681 1834 forma
1730 1786 1869 1855 jacet
1930 1783 2113 1855 Libya
2142 1807 2165 1829 ι
2193 1802 2207 1847 ;
2268 1800 2342 1833 vs.
2384 1781 2485 1849 817
2512 1796 2525 1829 :

1515 1886 1537 1907 ι
1564 1862 1816 1915 Carmine
1837 1880 1980 1916 nunc
2005 1862 2179 1914 Asiam
2208 1862 2399 1912 fonnet
2420 1870 2531 1930 sty-

1512 1941 1661 2005 lus»;
1684 1960 1763 1994 vs.
1782 1940 1940 2004 1045:
1974 1966 1997 1988 ι
2012 1941 2149 1993 Hinc
2169 1938 2335 1992 solers
2354 1936 2532 1988 Asiam

1512 2020 1653 2072 facili
1682 2038 1812 2091 cape
1844 2019 2080 2072 carmine
2116 2028 2312 2081 totam3
2337 2015 2533 2068 Forma

1510 2100 1576 2151 sit
1596 2098 1760 2170 hujus
1780 2099 1921 2151 enim
1946 2098 2064 2151 talis
2086 2098 2182 2150 tibi
2202 2124 2247 2146 a.

1588 2178 1741 2231 1252.
1790 2184 1913 2246 Qua·
1967 2179 2179 2246 liquidos
2223 2194 2397 2228 ornnes
2440 2178 2533 2227 via

1510 2260 1730 2308 devehat.
1780 2257 2015 2309 Lucilius
2062 2258 2187 2309 Jun.
2237 2258 2409 2308 AEtnae
2455 2272 2533 2307 vs.

1518 2354 1612 2406 ¹²7
1640 2356 1654 2390 :
1683 2364 1707 2383 α
1732 2335 1881 2390 haud
1905 2337 2094 2392 semita
2118 2335 2267 2390 nulla
2290 2334 2533 2410 profecto

1505 2415 1782 2483 Fontibus,
1806 2429 1856 2470 et
1880 2417 2013 2470 rivis
2042 2427 2243 2469 constat
2264 2415 2349 2468 via
2366 2440 2408 2465 ιι.
2427 2414 2529 2468 W.

1506 2527 1577 2537 -—
1607 2503 1731 2565 Quoe
1767 2500 1966 2564 liquidis
2002 2499 2162 2548 amnis
2197 2500 2289 2548 via
2328 2498 2529 2556 debeat,

1505 2590 1653 2643 mque
1660 2578 1897 2644 jugorum
1926 2579 2209 2643 Constat-gat
2225 2589 2401 2627 vertex
2419 2595 2437 2625 .·
2458 2575 2533 2627 sic

1506 2655 1641 2708 Pith.
1665 2674 1695 2708 e
1720 2657 1854 2708 Ven.
1886 2662 2010 2724 Qua·
2038 2658 2237 2724 liquidis
2268 2658 2415 2706 undis
2442 2657 2530 2706 m‘a

1504 2739 1695 2796 debeat,
1715 2749 1865 2802 atque
1871 2740 2108 2804 jugorum
2130 2739 2401 2801 consurgat
2415 2752 2530 2784 ver-

1506 2828 1593 2866 tex
1624 2813 1785 2884 Cusp.
1826 2813 1951 2866 Haec
1977 2824 2223 2883 corrupta
2257 2809 2531 2864 vadianus

1506 2911 1571 2945 ex
1592 2890 1828 2963 iugenio,
1848 2902 1907 2943 ut
1930 2890 2168 2956 videtur,
2192 2889 2495 2944 emendavit
2517 2909 2530 2942 ε

1510 2975 1633 3037 Qua·
1692 2973 1908 3038 liquidas
1962 2973 2125 3021 undas
2178 2973 2266 3022 via
2312 2973 2528 3040 deserat,

1506 3065 1657 3117 aeque
1684 3050 1917 3118 jugorum
1964 3055 2077 3117 Qua
2114 3063 2285 3118 surgat
2332 3065 2531 3102 vertex.

1506 3127 1795 3183 Hudsonus
1818 3127 2021 3182 edidit:
2046 3133 2167 3195 Quoe
2192 3133 2404 3198 liquidos
2424 3150 2531 3182 am-

1503 3228 1591 3260 nes
1612 3211 1702 3259 via
1725 3213 1877 3260 ducac
1892 3249 1908 3271 ‚
1939 3229 2138 3277 quaque
2143 3213 2383 3278 jugorum
2406 3214 2534 3261 Con-

1501 3301 1679 3355 surgat
1701 3303 1897 3341 ver-sex.
1938 3287 2149 3340 Oddius
2182 3289 2366 3340 malit:
2418 3295 2531 3358 Qua

1503 3367 1715 3432 liquidos
1734 3385 1905 3418 amnes
1932 3369 2025 3418 via
2056 3369 2260 3428 debeat,
2286 3381 2433 3434 utque
2442 3370 2533 3437 ju·

1500 3463 1694 3512 gotum.
1754 3445 1858 3500 Sed
1904 3445 2141 3516 proxime
2186 3443 2255 3498 ad
2304 3445 2535 3517 priscam

1504 3523 1723 3576 Venetae
1743 3524 2061 3596 scripturam
2080 3523 2285 3578 accedit
2304 3565 2319 3591 ,
2362 3545 2534 3598 eoque

1514 3604 1743 3657 maxime
1768 3603 2060 3676 probabilis
2082 3605 2236 3658 lectio
2256 3617 2349 3671 est,
2376 3625 2535 3673 quam

1512 3682 1678 3748 Ortel.
1733 3701 1763 3735 e
1820 3682 1981 3736 veteri
2036 3681 2219 3737 codiee
2272 3685 2507 3738 enotavit
2523 3727 2539 3751 ,

1504 3772 1759 3831 praeterea
1782 3763 2107 3830 Withoflus,
2130 3777 2180 3817 et
2210 3764 2535 3818 Schraderus

1503 3839 1557 3892 in
1588 3840 1793 3894 schedis
1819 3843 2130 3913 proposuit:
2173 3849 2295 3912 Quae
2320 3849 2531 3913 liquidos
2570 3897 2587 3910 ,

1502 3939 1673 3972 amnes
1708 3925 1798 3972 via
1838 3925 2045 3978 devehat
2058 3961 2071 3981 ,
2118 3937 2268 3991 utque
2301 3927 2533 3992 jugorum

1506 4005 1785 4069 Consurgae
1798 4017 1993 4054 vertes.
2014 4002 2151 4054 Nam
2171 4007 2376 4054 devehat
2392 4003 2531 4055 idem

1504 4093 1605 4142 est,
1632 4081 1775 4153 quod
1796 4085 1994 4142 debeat,
2036 4094 2257 4154 propter
2288 4084 2529 4152 frequen·

1502 4172 1605 4212 tem
1633 4161 1685 4213 in
1722 4161 1870 4214 libris
1890 4162 2155 4216 veteribus
2172 4161 2334 4214 literae
2362 4179 2401 4212 v
2428 4173 2483 4214 et
2504 4162 2533 4210 b
