2996 4685
733 372 1340 442 DESCRIPTIO
1405 374 1709 442 ORBIS
1764 374 2139 444 TERRAE.

2356 377 2497 472 259

471 499 542 565 Si
581 494 736 564 velit
772 495 902 564 hoc
944 493 1150 581 ulluS,
1196 493 1353 563 velit
1395 495 1573 566 idem
1612 497 1781 566 scire
1816 511 1979 591 quot
2021 497 2158 567 alto

471 611 854 676 Curventur
888 606 1132 674 fluctus
1167 604 1435 700 pelage,
1476 621 1645 701 quot
1677 607 1891 676 sidera
1926 607 2066 678 caeli

471 717 779 788 Educant
813 715 1140 802 flammaS,
1169 731 1334 809 quot
1368 716 1613 788 robora
1645 716 1941 811 proferat
1975 717 2127 804 Ida,

2419 749 2493 785 815

471 829 784 916 Quantus
815 833 1166 894 arenarum
1200 851 1521 896 numerus
1557 841 1853 898 versetur
1889 829 1974 897 ab
2012 830 2218 899 Euro,

446 1041 566 1096 813.
584 1044 638 1092 Si
665 1045 792 1094 velie
821 1044 913 1092 kas
935 1046 1088 1103 uuus,
1117 1043 1241 1095 velit
1263 1046 1391 1095 idem

376 1125 514 1174 seire.
553 1119 986 1176 Additamentum
1014 1120 1117 1173 hoe
1133 1132 1214 1173 est
1239 1122 1395 1176 Avie-

373 1201 430 1254 ni
443 1201 704 1273 simulque
716 1199 1148 1272 imitatioVirgilii
1159 1241 1176 1266 ,
1199 1199 1396 1271 Georg.

375 1281 449 1349 ll,
471 1283 566 1335 103
588 1299 736 1354 seqq.
756 1281 923 1334 Scan.
943 1279 1012 1332 Et
1029 1298 1152 1333 sane
1171 1279 1320 1334 color
1336 1281 1392 1332 in

375 1375 602 1432 utroque
619 1358 738 1414 loco
761 1358 898 1412 idem
921 1369 1029 1422 est,
1051 1372 1104 1413 et
1130 1359 1289 1414 verba
1319 1359 1392 1414 si-

373 1439 538 1492 milia.
577 1437 682 1492 Sed
717 1438 804 1492 hic
835 1437 1024 1490 modus
1063 1437 1270 1503 sidera,
1299 1437 1392 1492 flu-

371 1529 516 1586 ctus,
537 1520 780 1582 arbores,
809 1535 994 1572 arenas
1020 1516 1090 1570 ad
1115 1516 1389 1589 designan-

373 1597 504 1650 dum
549 1615 828 1650 numerum
871 1595 1188 1650 immensum
1232 1596 1391 1651 advo-

371 1696 492 1729 care
525 1676 866 1748 pervulgatus
900 1675 1039 1728 inter
1076 1687 1260 1748 poetas
1293 1689 1386 1730 est.

371 1755 494 1809 vid.
519 1769 634 1810 not.
654 1754 724 1808 ad
749 1755 906 1808 Rutil.
925 1756 971 1822 1,
989 1764 1077 1822 94.
1097 1757 1216 1808 Non
1239 1755 1388 1809 dissi-

367 1834 504 1888 milis
535 1850 677 1888 certe
702 1834 850 1888 locus
887 1847 963 1888 est
987 1835 1184 1889 Catuli.
1210 1835 1384 1902 Lxu,

370 1917 504 1978 2063
527 1912 688 1967 ovid.
707 1912 866 1966 Trist.
896 1913 996 1975 1v,
1025 1931 1072 1976 1,
1100 1913 1194 1984 57,
1225 1912 1382 1966 Pont.

364 1993 419 2044 11
436 2032 451 2056 ,
474 2012 524 2064 7,
565 1991 626 2044 25
663 2010 810 2064 seqq.
843 1991 1062 2044 Satirice
1094 1991 1384 2046 multitudi-

363 2091 488 2126 nem
528 2072 782 2126 scelerum
825 2090 924 2144 pro
967 2089 1192 2124 numero
1227 2071 1384 2127 innu-

365 2171 512 2206 mero
531 2151 745 2204 adhibet
761 2151 1004 2204 Juvenal.
1023 2152 1099 2213 X,
1118 2169 1218 2220 ²19
1232 2170 1378 2224 seqq.

362 2233 462 2287 W.
483 2263 552 2274 -
572 2236 626 2282 Si
642 2233 766 2284 velit
784 2235 873 2284 hos
893 2229 1066 2284 edidit
1091 2231 1254 2301 Cnsp.
1281 2231 1382 2284 Ca-

363 2331 499 2365 mers
539 2310 608 2365 ad
655 2310 820 2364 Prisc.
859 2313 958 2365 611
999 2309 1223 2364 correxit
1255 2313 1374 2375 has,

363 2392 608 2465 idemque
633 2391 894 2445 dederunt
927 2391 1154 2444 Pithoeus
1184 2403 1236 2444 et
1259 2392 1379 2443 reli·

363 2470 476 2541 qui.
509 2470 832 2525 Schraderus
868 2480 1078 2535 monet,
1109 2468 1256 2541 quod
1298 2470 1377 2522 Pi-

361 2552 530 2603 thoeus
569 2550 772 2603 dederit
786 2591 802 2617 ,
838 2550 978 2603 nulla
1027 2548 1124 2601 niti
1155 2550 1378 2603 auctori-

361 2642 500 2697 tate,
541 2649 639 2681 nec
687 2640 896 2691 tamen,
936 2627 1208 2699 quomodo
1251 2628 1376 2682 alias

361 2708 640 2781 legendum
661 2749 676 2774 ,
707 2708 922 2761 indicat.
965 2708 1096 2759 Mihi
1131 2706 1375 2761 videntur

361 2787 588 2841 editores
622 2791 714 2839 has
751 2787 982 2858 posuisse
1017 2805 1126 2838 nou
1169 2786 1272 2839 alia
1305 2786 1374 2841 de

359 2888 540 2923 caussa
552 2908 571 2935 ,
589 2887 750 2939 quam
762 2866 931 2940 qnod,
948 2885 1118 2938 quum
1147 2866 1204 2918 in
1223 2863 1375 2919 editis

361 2968 542 3003 versus
593 2950 698 3001 806
747 2954 868 2999 Pars
919 2949 1123 3007 Asiam,
1174 2949 1372 3012 Libyam

348 3050 472 3098 pars
490 3069 509 3092 ‚
533 3027 908 3092 intercederet,
935 3044 1160 3098 sequens
1195 3044 1374 3079 versus

358 3108 640 3179 generatim
687 3105 758 3159 ud
815 3104 1011 3159 insulas
1063 3101 1374 3157 referendus

359 3198 486 3238 erat.
521 3186 710 3249 Nunc,
741 3186 910 3257 ejecto
937 3200 1000 3235 eo
1031 3202 1183 3237 versu
1201 3222 1218 3246 ‚
1242 3197 1370 3254 puto

359 3266 668 3337 scripturam
731 3264 1004 3333 antiquam
1059 3262 1370 3333 cuspiniani

359 3350 446 3397 hos
473 3342 761 3396 admonere
779 3382 796 3407 ,
813 3354 873 3393 nt
895 3339 1186 3393 scribamus
1207 3343 1259 3393 Si
1282 3362 1368 3393 ve-

360 3426 417 3473 lie
435 3424 528 3475 hoe
544 3426 669 3473 ullus
683 3460 698 3483 ‚
720 3437 907 3491 nempe
930 3417 1028 3471 fari
1048 3420 1282 3473 nomina.

431 3504 462 3555 8
473 3521 492 3554 1
503 3502 552 3555 5.
571 3502 1034 3570 Elucemflammas.
1051 3498 1371 3571 Buris-flam-

359 3587 466 3635 mis.
500 3584 695 3635 Contra
732 3579 923 3633 nititur
951 3576 1202 3631 Oudend.
1237 3580 1370 3632 Obs.

359 3660 512 3714 Misc.
536 3662 606 3724 V,
633 3680 652 3711 1
667 3700 682 3726 ,
703 3676 802 3732 70:
828 3682 849 3703 ι
871 3657 977 3709 Tot
995 3656 1273 3729 exemplis,
1299 3661 1372 3711 in·

359 3740 476 3810 quit
488 3780 503 3804 ,
517 3739 740 3811 permoti
759 3738 934 3789 sonan
963 3736 1158 3789 rectius
1180 3736 1370 3789 retine-

359 3819 534 3873 bimus
527 3821 769 3887 flammas
779 3856 794 3877 ,
803 3833 908 3887 qua
914 3818 1190 3885 mflamme's
1202 3855 1217 3881 ,
1229 3813 1374 3887 quod

359 3898 628 3953 substituit
675 3896 932 3967 Anglus».
967 3898 1228 3967 Ejaculenc
1257 3894 1374 3949 Wi-

359 3978 554 4031 tbofius
581 3986 632 4029 et
657 3974 932 4039 Heinsius,
959 3976 1056 4047 qui
1093 3986 1142 4027 et
1173 3976 1378 4043 ejectem

360 4070 412 4109 et
445 4070 660 4108 eructem
690 4052 747 4105 in
783 4053 1018 4125 margine
1056 4057 1373 4127 conjecerat.

359 4132 800 4206 Oudendorpium
854 4132 1050 4185 refutat
1109 4131 1373 4185 latinitas:

1477 1042 1595 1116 ipse
1616 1043 1847 1100 Avienus
1864 1064 1917 1097 v.
1941 1051 2037 1118 47¹
2060 1064 2072 1099 :
2096 1071 2121 1091 ‹-
2138 1045 2296 1116 Ignea
2320 1067 2497 1121 perpe-

1475 1123 1585 1175 tuis
1616 1122 1900 1180 ardescunt
1932 1123 2106 1178 sidera
2130 1123 2417 1194 flammis-3
2444 1141 2495 1182 et

1477 1199 1761 1255 modorum
1824 1204 2163 1275 permutatio.
2238 1209 2500 1260 camum

1479 1279 1619 1333 enim
1656 1293 1712 1336 et
1741 1283 1968 1352 proferat
1993 1284 2385 1356 subjunctivum
2412 1307 2495 1342 re·

1477 1360 1713 1432 quirunt.
1736 1360 1937 1416 Heinsii
1965 1372 2017 1414 et
2034 1361 2289 1416 withofii
2313 1369 2489 1438 conje-

1476 1450 1641 1493 cturae
1666 1443 1913 1510 ejaculem
1936 1441 2079 1492 favet
2106 1459 2231 1494 usus
2252 1445 2397 1497 verbi
2402 1449 2494 1514 ja-

1475 1523 1629 1581 culor,
1656 1518 1847 1590 pariter
1865 1517 2085 1578 adhibiti
2112 1537 2146 1574 ει
2171 1521 2492 1595 Claudiano,

1475 1595 1620 1650 Gild.
1644 1601 1770 1666 496:
1794 1624 1819 1644 α
1837 1599 1903 1650 Et
1922 1609 2142 1653 contusa
2168 1618 2327 1672 vagos
2348 1608 2491 1678 jacu-

1473 1675 1649 1729 lentur
1673 1675 1845 1730 sidera
1864 1677 2031 1734 mines
2045 1701 2085 1731 a.
2106 1677 2326 1749 Gellius,
2342 1681 2493 1750 XVI,

1479 1773 1575 1822 19:
1596 1781 1621 1802 .-
1638 1757 1883 1808 Arionem
1906 1775 2027 1809 cum
2048 1757 2242 1813 fidibus
2264 1773 2314 1813 et
2339 1762 2493 1817 indu·

1471 1834 1680 1898 mentis,
1698 1853 1821 1887 eum
1834 1834 2027 1906 quibus
2046 1855 2101 1894 se
2120 1835 2175 1890 in
2195 1838 2365 1892 salum
2386 1845 2493 1914 eja-

1470 1911 1759 1976 culaverat,
1776 1913 2026 1967 exstitisse
2040 1941 2080 1967 n.
2105 1915 2281 1974 Possis
2306 1920 2488 1974 etiam:

1469 2015 1494 2036 υ
1516 2004 1645 2061 quot
1685 1989 1857 2044 sideru
1894 1993 2007 2046 caeli
2054 1992 2297 2052 Educant
2338 1996 2487 2051 flam·

1467 2087 1581 2124 mas
1604 2096 1645 2123 ι.
1694 2070 1781 2124 Sic
1836 2071 1975 2124 enim
2004 2073 2266 2140 Avienus,
2302 2076 2484 2132 Phaen.

1472 2153 1597 2202 126:
1622 2175 1648 2194 u
1668 2167 1775 2202 non
1814 2149 1917 2203 ulla
1957 2150 2127 2204 facem
2154 2154 2485 2210 succenderit

1465 2245 1703 2300 unquam
1733 2227 1890 2282 Stella
1922 2231 2095 2300 prior,
2125 2251 2297 2304 neque
2329 2233 2479 2288 flam-

1463 2307 1677 2363 miferos
1713 2305 1955 2361 eduxerit
1987 2320 2133 2364 ortus
2158 2335 2203 2366 ι.
2226 2311 2389 2371 Scan.
2412 2348 2481 2356 -

1461 2391 1671 2440 Ele-reem
1683 2391 1926 2459 flammas
1953 2409 2136 2445 omnes
2158 2403 2374 2447 vetusta
2408 2406 2481 2449 te-

1461 2480 1610 2521 nent.
1639 2468 1856 2522 Camers
1879 2468 1947 2523 ad
1984 2470 2149 2525 Prisc.
2180 2474 2242 2523 61
2258 2491 2279 2525 1
2303 2474 2479 2547 legere

1462 2548 1631 2600 voluit
1680 2552 1889 2599 Eleecene
1915 2552 2175 2619 flamma,
2217 2551 2319 2603 nisi
2360 2555 2481 2629 quis

1457 2645 1687 2697 graecam
1713 2628 1887 2699 potius
1911 2629 2347 2683 constructionem
2370 2652 2481 2687 esse

1460 2705 1604 2759 velit.
1645 2706 1859 2759 Rectius
1896 2706 2195 2760 emendatio
2228 2708 2283 2761 in
2317 2714 2480 2767 verbo

1459 2788 1669 2836 Elucem
1711 2795 1941 2837 tentatur
1968 2822 1984 2847 ,
2054 2805 2153 2858 pro
2204 2806 2313 2859 quo
2358 2790 2479 2845 Wfi.

1457 2862 1655 2915 thoflus
1666 2863 1721 2914 in
1734 2880 1829 2915 ora
1836 2863 2015 2933 Trogn
2024 2902 2036 2914 .
2056 2867 2318 2933 ejaculenc,
2332 2872 2478 2939 quod

1460 2961 1615 2995 versu
1629 2940 1926 2995 Nemesiani
1941 2983 1957 3008 ‚
1973 2941 2107 3015 Cyn.
2126 2962 2152 2995 2
2165 2963 2184 2996 ι
2196 2964 2248 3011 2,
2264 2945 2441 3002 firmat
2460 2969 2473 3004 :

1459 3048 1484 3067 -
1506 3021 1684 3087 Quum
1711 3038 1895 3091 segnes
1918 3019 2098 3074 radios
2122 3020 2255 3076 tristi
2273 3024 2477 3095 jacula-

1457 3115 1547 3156 tur
1591 3099 1661 3153 ιώ
1708 3096 1873 3153 aethsa
1911 3100 2138 3153 Phoebus
2149 3126 2189 3152 ι.
2218 3102 2476 3158 Wernsd.

1456 3178 1734 3235 Schraderi
1812 3179 2173 3249 conjecturam
2246 3186 2478 3238 Educam

1441 3262 1683 3331 flammas
1703 3256 1913 3317 adserit,
1926 3270 1978 3309 et
1994 3259 2292 3330 exemplum
2306 3260 2478 3315 adfert

1459 3357 1524 3391 ex
1550 3338 1737 3410 Progn.
1762 3337 1860 3399 ²34
1881 3353 1895 3387 ε
1916 3336 2036 3389 Non
2063 3337 2153 3391 hie
2173 3357 2338 3409 quum
2364 3343 2472 3414 pri.

1459 3435 1573 3471 mos
1590 3416 1779 3471 educet
1795 3419 2001 3487 gurgite
2018 3414 2194 3469 vultus
2211 3443 2233 3464 ι
2247 3458 2260 3471 .

1531 3498 1649 3549 816.
1690 3502 1909 3563 Quarum
1947 3515 2209 3548 arenarum
2248 3512 2483 3553 numerus

1459 3590 1689 3627 versatur
1704 3578 1767 3625 ab
1792 3578 1937 3625 Euro.
1958 3574 2205 3629 Heinsius
2223 3577 2290 3629 ad
2312 3579 2471 3635 ovid.

1459 3654 1588 3707 Met.
1622 3654 1725 3719 lx,
1770 3658 1894 3720 499,
1935 3671 1966 3705 e
2002 3652 2141 3705 libro
2175 3655 2392 3712 Mediol.
2424 3672 2476 3713 et

1459 3731 1807 3802 Oudendorp.
1836 3732 1963 3785 Obs.
2002 3731 2150 3786 Mine.
2183 3736 2234 3783 V
2236 3776 2252 3801 ,
2282 3754 2331 3807 p.
2384 3756 2471 3808 70,

1459 3812 1747 3884 reponebat
1782 3826 2026 3863 vet-ratur.
2058 3840 2123 3848 —
2160 3814 2224 3866 Et
2259 3814 2475 3886 quidem

1461 3892 1577 3945 hoc
1632 3889 1931 3963 conjectura
1984 3909 2111 3945 sane
2168 3894 2477 3964 probabilis.

1463 3970 1613 4041 Virg-
1638 3973 1761 4023 AEn.
1782 3970 1829 4029 1,
1858 3970 1949 4039 59,
1971 3966 2039 4024 de
2062 3970 2254 4025 ventis:
2277 3974 2484 4047 «Quip-

1464 4068 1532 4124 pe
1559 4048 1728 4101 ferant
1750 4046 1924 4120 rapidi
1944 4066 2146 4114 secum,
2173 4064 2487 4123 verrantque

1467 4148 1563 4202 per
1609 4146 1763 4182 auras
1786 4152 1829 4179 ι.
1876 4126 2031 4181 Conf.
2064 4126 2223 4181 ovid.
2278 4130 2489 4183 Metam.

2088 4242 2201 4312 17.
