2996 4685
753 335 1374 407 DESCRIPTIO
1438 338 1747 406 ORBIS
1810 338 2174 405 TERRAE.

2302 316 2308 322 i
2400 336 2569 409 125-

505 510 512 515 -
597 462 822 530 Prona
865 461 1032 530 mari
1073 473 1298 529 cautes
1341 458 1758 544 extenditur,
1798 472 1874 527 ut
1914 458 2091 528 ferus
2125 482 2242 527 ora

501 572 619 640 Est
639 571 858 659 aries,
901 568 1210 665 ultroque
1249 570 1510 639 minans
1544 569 1711 663 peti-t
1740 568 1937 637 obvia
1975 568 2235 654 fronte3
2460 612 2535 651 ‚35

501 682 813 776 Denique
853 681 949 750 sie
992 679 1107 749 olli
1151 705 1396 749 nomen
1439 680 1627 774 prior
1668 676 1911 747 indidit
1947 693 2135 749 aetas:

503 790 568 858 N
573 813 648 857 ec
684 792 908 861 minus
947 789 1212 862 Italiam
1249 816 1461 861 cornu
1504 802 1884 885 prospectat
1919 790 2099 858 acuti

405 980 571 1035 Aliter
610 981 826 1053 quidem
873 980 1136 1035 Meu-rsius
1177 981 1232 1033 in
1278 982 1423 1035 Cret.

402 1080 455 1133 p.
488 1062 574 1116 52.
609 1061 767 1115 Forte
791 1074 1000 1133 tempus
1039 1062 1142 1114 loci
1182 1073 1428 1117 naturam

401 1153 648 1195 verterat.
683 1142 838 1195 Certe
871 1141 1136 1195 Homerus
1173 1141 1243 1195 ad
1279 1160 1428 1196 mare

403 1222 631 1275 collocat
655 1220 849 1293 Odyas.
873 1221 992 1287 111,
1015 1221 1134 1289 ²93·
1161 1222 1318 1276 semi.
1335 1232 1428 1263 '--

402 1301 613 1368 Pinguia
634 1302 781 1351 Sexti
805 1298 988 1352 vitiose
1012 1299 1224 1353 exhibet
1244 1300 1380 1353 Pith.
1394 1318 1426 1353 e

401 1378 541 1431 Ven.
571 1376 668 1432 aed
701 1381 879 1431 Pha-sci
901 1378 1036 1431 bene
1071 1396 1132 1430 ex
1169 1378 1425 1450 Dionysio

399 1470 744 1511 correxerunt
789 1457 970 1510 Barth.
1015 1457 1210 1529 Scalig.
1255 1457 1423 1512 Huds.

399 1536 628 1591 Scriver.
664 1535 812 1609 quod
853 1536 1030 1590 firmat
1055 1537 1206 1591 Voss.
1251 1550 1310 1590 ut
1349 1539 1426 1591 ait

398 1616 622 1672 Schrad.
653 1618 770 1691 Ego
801 1637 925 1672 vero
956 1622 1138 1671 Phaesti
1165 1620 1278 1691 jam
1311 1617 1424 1672 edi-

400 1708 516 1750 tum
554 1696 674 1769 lego
712 1717 742 1749 a
783 1697 998 1769 Cuspin.
1040 1710 1093 1749 et
1119 1697 1255 1751 vad.
1290 1717 1424 1770 quos

399 1794 558 1829 nemo
581 1778 828 1849 inspexit.
864 1776 1111 1829 Barthiua
1145 1777 1219 1830 aie
1251 1796 1427 1830 emen·

401 1854 552 1908 davit
579 1855 638 1908 in
663 1855 880 1909 Advera.
911 1855 1123 1921 XLIX,
1155 1856 1217 1909 13
1237 1897 1252 1921 ,
1294 1868 1346 1909 et
1370 1856 1428 1909 in

402 1934 644 2005 Ablegm.
671 1935 777 1999 IV,
823 1938 906 1987 16.
943 1933 1234 1987 Confirmat
1257 1934 1422 1987 Prisc.

403 2032 454 2066 v.
481 2031 546 2081 91
567 2031 584 2065 ε
618 2038 642 2061 ι
659 2014 780 2078 Qua
804 2012 1043 2085 Gortyna
1071 2024 1280 2083 potens,
1317 2030 1426 2065 me-

404 2090 508 2145 diis
531 2111 637 2165 qua
656 2090 890 2145 Ph'aestus
909 2092 969 2144 in
983 2090 1122 2145 arvis
1141 2116 1181 2143 n.

479 2172 599 2235 134.
620 2178 786 2223 Pmna
807 2174 959 2222 maris
978 2185 1158 2223 cautes.
1176 2170 1424 2223 Heinsius

401 2254 548 2302 mat-i.
563 2248 650 2303 Sic
658 2250 806 2303 >enim
823 2249 1146 2321 adjectivum
1162 2248 1290 2302 illud
1315 2248 1424 2302 ele·

401 2341 590 2402 gauter
622 2348 745 2383 cum
778 2325 962 2383 dativo
988 2328 1334 2394 construitur,
1363 2340 1425 2381 ut

401 2409 546 2482 apud
564 2409 916 2472 Columell.1‚
947 2410 978 2466 5
999 2426 1014 2460 ε
1053 2434 1079 2453 οι
1100 2409 1424 2480 Campestria

401 2489 520 2542 loca
544 2488 794 2561 Aquiloni
817 2507 984 2561 prona
1002 2515 1044 2538 ι.
1067 2487 1426 2550 νίᾶ.,οιιάειι-

404 2568 558 2640 dorp.
587 2567 654 2620 ad
680 2569 895 2623 sueton.
927 2565 1056 2620 Ner.
1092 2584 1205 2637 cap.
1241 2573 1336 2630 4ο,
1372 2577 1426 2618 et

403 2648 661 2719 Heusing.
692 2646 761 2702 ad
786 2645 992 2700 Vechn.
1024 2665 1080 2718 p.
1121 2652 1239 2714 294·
1262 2647 1424 2700 Sena.

405 2759 476 2770 --
501 2734 672 2779 Pruna
701 2729 852 2778 maris
883 2725 1080 2778 habent
1099 2727 1259 2796 Cusp.
1287 2723 1424 2776 Pith.

406 2805 578 2860 Huds.
625 2804 720 2860 sed
755 2807 885 2858 mari
924 2801 1054 2876 legit
1102 2804 1317 2857 Camers
1357 2801 1426 2856 ad

405 2885 566 2939 Prisc.
587 2885 690 2954 93,
724 2895 776 2937 et
801 2881 949 2938 dedit
970 2882 1113 2936 vad.
1148 2882 1232 2936 sic
1265 2883 1428 2936 etiam

407 2975 750 3018 correxerunt
773 2963 956 3016 Heius.
976 2977 1028 3014 et
1044 2960 1266 3015 Schrad.

483 3041 598 3096 135.
624 3045 834 3107 Ueserus
865 3061 956 3092 ora
985 3046 1076 3091 Est
1101 3043 1246 3092 aries.
1277 3039 1426 3093 Simi-

405 3124 510 3173 lem
531 3121 718 3174 faeiem
739 3120 974 3174 arietinae
991 3120 1204 3191 praebet.
1228 3119 1428 3172 Notum

409 3207 536 3274 κριοῦ
565 3205 790 3273 μέτωπον
807 3240 824 3266 ,
845 3197 990 3270 quod
1007 3197 1282 3268 aliquoties
1303 3217 1432 3268 grte-

409 3298 474 3333 eo
491 3297 588 3332 suo
603 3279 862 3332 vocabulo
872 3278 1097 3330 servavit
1110 3277 1428 3344 Priscianu33

407 3358 697 3433 prasertim
719 3379 769 3412 v.
789 3358 856 3426 93
877 3374 891 3408 :
912 3358 1050 3410 -Pro
1074 3359 1264 3410 merito
1280 3356 1431 3410 Graii

409 3439 540 3493 Criu
577 3436 756 3492 dixere
787 3437 1043 3508 Metopon
1069 3461 1111 3488 n.
1154 3441 1267 3497 Est,
1300 3435 1428 3487 viai-

409 3529 523 3585 tur,
566 3529 626 3572 ut
663 3534 822 3588 supra
861 3533 1018 3568 versu
1062 3513 1202 3567 125:
1247 3513 1431 3566 «Hinc

408 3595 686 3669 Tyn-hena
703 3595 799 3648 sali
812 3604 938 3648 sunt
955 3593 1216 3664 agmina·-
1235 3593 1432 3645 Bana-n.

411 3706 482 3716 --
506 3683 616 3729 Fere
641 3679 773 3728 aries
801 3693 900 3746 pro
938 3677 1028 3724 Est
1062 3672 1230 3725 voluit
1269 3670 1428 3723 Hein-

410 3757 518 3812 sius
541 3796 559 3822 ,
634 3757 730 3812 etsi
776 3754 1072 3812 Scin-adero
1135 3751 1193 3805 id
1250 3751 1434 3804 tribuit

411 3837 658 3892 Friesem.
707 3841 931 3905 ultr-oque
981 3837 1179 3886 minans
1232 3831 1432 3883 habent

411 3917 738 3971 Ambr.Ven.
758 3916 892 3969 Pith.
920 3917 1146 3988 ejusque
1167 3927 1434 3984 sequaces.

415 4000 580 4049 Minas
619 4000 746 4065 petit
791 3995 956 4049 edidit
999 3991 1220 4065 Cuspin.
1259 3993 1436 4040 minax

415 4077 636 4132 correxit
659 4076 874 4130 Camers
901 4074 968 4128 ad
987 4075 1154 4128 Prisc.
1178 4070 1270 4139 93,
1291 4068 1436 4122 dedit

1517 980 1652 1035 vad.
1677 982 1761 1035 sic
1784 999 1845 1033 ex
1874 980 2083 1052 ingenio
2110 982 2333 1034 correxit
2348 982 2533 1041 Heius.

1513 1072 1568 1113 et
1613 1060 1687 1112 ita
1730 1078 1841 1113 ense
1868 1059 1941 1112 'in
1981 1060 2141 1113 Voss.
2185 1059 2306 1113 cod.
2353 1077 2535 1119 monet

1512 1137 1732 1192 Schrad.
1749 1140 1842 1209 qui
1858 1138 2035 1191 addit:
2054 1138 2156 1193 Sed
2180 1152 2436 1212 perpetua
2454 1155 2536 1197 ta-

1511 1216 1644 1270 lium
1672 1231 1750 1269 est
1768 1216 2037 1282 confinio,
2062 1227 2114 1270 et
2140 1238 2329 1289 parum
2354 1222 2532 1277 refert.

1512 1296 1713 1349 Heinsii
1756 1297 2113 1368 conjecturam
2152 1304 2264 1351 Fert
2300 1318 2404 1371 pro
2445 1308 2537 1354 Est

1510 1396 1619 1429 non
1654 1376 1843 1449 probo.
1883 1374 1935 1429 Si
1976 1376 2049 1429 sic
2082 1378 2415 1449 vulgaretur,
2455 1382 2535 1435 of-

1514 1457 1761 1513 fendiuet
1784 1460 1897 1527 jer-t
1915 1458 2078 1525 serus.
2104 1457 2216 1510 Cur
2248 1477 2359 1511 non
2394 1462 2529 1515 aries

1511 1554 1585 1589 ese
1614 1539 1757 1593 ferus
1792 1556 1886 1591 ora
1924 1556 2021 1608 per
2055 1538 2419 1607 graeeismnm?
2448 1542 2534 1597 Sic

1511 1622 1670 1671 mollis
1690 1624 1840 1671 dorsa
1874 1616 2003 1671 dixit
2034 1617 2089 1670 in
2112 1617 2383 1673 Phanom.
2409 1628 2532 1693 706.

1511 1701 1730 1751 Pallidus
1750 1717 1839 1749 om
1850 1698 2043 1770 Progn.
2058 1696 2178 1752 285.
2192 1696 2323 1752 Stat.
2339 1701 2534 1755 Achill.

1513 1778 1567 1840 1,
1583 1776 1682 1831 351
1709 1795 1723 1829 ε
1745 1803 1768 1824 ι
1786 1778 1975 1830 Nonne
2001 1776 2172 1843 vides,
2195 1789 2253 1830 ut
2276 1790 2426 1833 torva
2449 1800 2513 1852 ge

1513 1874 1627 1921 nas,
1643 1856 2013 1927 aequandaque
2032 1856 2217 1909 fratri?
2241 1882 2263 1903 ι
2287 1859 2445 1911 Scun.
2465 1862 2537 1915 Si·

1514 1934 1696 1987 milem
1722 1936 1904 1987 locum
1929 1935 2095 1989 habes
2116 1954 2168 1988 v.
2183 1935 2533 1997 228-230.W.

1589 2014 1710 2067 136.
1738 2017 1964 2083 Denique
2005 2019 2077 2065 sic
2119 2018 2209 2067 olli
2246 2035 2441 2069 nomen.
2488 2023 2541 2071 Si

1512 2096 1631 2145 colli
1663 2094 1903 2146 Ambros.
1938 2094 2078 2146 Ven.
2114 2096 2193 2145 Sic
2228 2096 2351 2146 colli
2376 2095 2533 2150 Voss.

1511 2171 1748 2226 Fir-mare
1778 2174 1953 2225 forsan
1988 2172 2251 2225 videbitur
2284 2174 2533 2229 Priscian.

1516 2257 1648 2314 140:
1678 2277 1705 2297 κ
1725 2251 1863 2305 Hinc
1882 2264 2040 2323 atque
2062 2250 2193 2303 hinc
2218 2253 2395 2307 medio
2414 2274 2537 2327 pro-

1511 2345 1733 2385 currunt
1767 2349 1977 2402 aequore
2004 2329 2162 2384 colles
2183 2357 2224 2384 ι.
2264 2332 2533 2388 Ammian.

1509 2410 1747 2463 Marcell.
1768 2427 1822 2482 p.
1848 2418 1969 2476 241,
2005 2436 2026 2457 ι
2042 2409 2316 2465 Carambin
2332 2412 2480 2468 collis
2496 2441 2539 2475 n,

1510 2488 1612 2544 Sed
1634 2489 1876 2556 lectioni,
1904 2508 2067 2561 quam
2099 2489 2327 2544 Pithone
2354 2491 2503 2546 dedit
2522 2535 2539 2559 ‚

1511 2568 1684 2636 favet,
1713 2567 1861 2640 quod
1894 2569 2125 2621 Avienus
2153 2589 2427 2643 nunquam
2464 2572 2537 2627 sie

1512 2653 1686 2701 collem
1724 2658 1911 2711 vocat3
1960 2649 2101 2700 favet
2139 2647 2323 2702 itidem
2360 2651 2535 2704 Phaen.

1513 2745 1567 2780 v.
1595 2733 1696 2794 964
1717 2744 1733 2779 τ
1762 2751 1785 2774 ι
1810 2727 1958 2778 color
1980 2726 2073 2779 olli
2100 2745 2293 2780 nomen
2318 2729 2388 2781 ab
2414 2743 2536 2783 ortu

1514 2806 1817 2877 Primigeno
1844 2805 2023 2858 statuit
2056 2828 2104 2857 ι.
2132 2805 2290 2859 Sena.
2325 2839 2395 2848 —
2431 2810 2535 2862 Pro

1514 2891 1739 2955 Denique
1758 2886 1980 2942 Schrad.
2012 2887 2296 2958 aliquando
2318 2894 2539 2957 Indeque

1515 2966 1739 3039 conjecit
1774 2965 1828 3018 in
1867 2964 2075 3018 schedis
2093 3005 2109 3030 ,
2148 2967 2271 3037 quia
2315 2969 2535 3041 Diony&

1516 3049 1759 3101 Τοῦνικσι·
1814 3045 1907 3098 sed
1953 3058 2099 3098 recte
2146 3064 2289 3100 nunc
2343 3049 2539 3100 retinet

1516 3127 1769 3192 Denique,
1809 3115 1958 3196 quod
1985 3124 2432 3194 interpretandum
2460 3137 2537 3178 est

1517 3203 1772 3266 breviter,
1794 3214 1859 3256 ut
1879 3204 2062 3274 paucis
2088 3200 2262 3254 dicam
2282 3243 2297 3267 ,
2335 3203 2455 3270 vel,
2488 3216 2539 3256 et

1518 3281 1665 3353 qnod
1702 3281 1941 3352 inprimis
1982 3278 2277 3333 notandum
2322 3292 2425 3346 eat,
2460 3281 2537 3334 nti

1517 3363 1826 3417 occurrebat
1868 3379 1927 3411 su
1966 3377 2028 3412 ra
2067 3377 2145 3410 vs.
2187 3363 2273 3410 60.

1594 3435 1709 3504 137.
1731 3437 1839 3484 Nec
1854 3433 2011 3482 mimas
2030 3433 2228 3480 ltaliam
2255 3449 2407 3482 cornu
2420 3451 2537 3500 pro-

1520 3525 1721 3582 spectae.
1753 3508 2041 3580 Dionysius
2070 3519 2270 3578 septem
2305 3510 2539 3565 versibus

1520 3611 1549 3644 a
1570 3592 1667 3646 85:
1686 3593 1875 3662 Κυρτὸς
1899 3591 2264 3660 ἐπιστρέφεται.
2286 3586 2353 3639 ad
2376 3609 2423 3640 v.
2443 3607 2538 3658 91:

1520 3673 1621 3728 Ναὶ
1650 3676 1743 3744 μὴν
1772 3670 1857 3724 καὶ
1882 3669 2209 3733 τετάνυσται,
2230 3665 2413 3730 tradit,
2434 3687 2542 3721 ma·

1520 3769 1580 3804 re
1596 3749 1831 3803 Siculum
1852 3757 1963 3800 tum
1991 3744 2060 3798 ad
2097 3744 2404 3817 Pachynum
2420 3787 2435 3812 ,
2462 3761 2539 3800 at·

1520 3848 1627 3900 que
1643 3828 1905 3881 Cretaeum
1930 3825 2369 3896 promontorium,
2396 3823 2539 3897 quod

1520 3909 1687 3962 tribua
1718 3905 1953 3960 versibus
1978 3904 2264 3978 interjectis
2298 3901 2545 3957 deacribi-

1524 4001 1635 4050 tur,
1668 3982 1953 4058 protendi,
1985 3995 2101 4037 tum
2128 3983 2285 4036 etiam
2312 3980 2539 4053 expandi

1525 4067 1595 4121 ad
1628 4077 1913 4120 extremam
1952 4063 2119 4116 Italia
2155 4075 2349 4116 terram
2384 4061 2541 4130 Iapy-
