2996 4685
445 201 586 272 56.
681 207 692 218 ‘
863 205 992 271 DE
1055 205 1687 276 EDITORIBUS
1749 205 2126 274 AVIENI.
2494 293 2527 318 .

440 350 767 422 poteram;
802 331 870 394 in
897 354 1054 418 qua,
1086 353 1228 419 quae
1260 355 1411 397 cum
1445 331 1716 398 Vadiani
1751 333 2026 409 lectione
2060 331 2357 396 videbam
2402 356 2633 396 con-

441 439 663 505 venire
682 487 700 519 ,
723 436 984 500 credere
1009 453 1302 526 poteram
1330 460 1366 502 e
1391 439 1717 504 veteribus
1742 439 1919 504 libris
1950 461 2121 522 esse3
2155 461 2299 525 quae
2331 437 2629 503 discre-

443 545 712 632 pabant,
737 541 1084 608 aVadiano
1127 543 1484 608 emendata.
1520 545 1795 609 Duobus
1826 561 2083 609 tantum
2108 543 2618 609 illustrioribus

439 649 624 716 locis·
645 648 898 722 Avieni.
923 648 1030 712 hic
1077 647 1412 714 ostendam
1436 697 1454 730 ,
1510 667 1829 737 quantum
1882 649 2241 731 adjumenti
2296 664 2617 735 utraque

445 752 643 818 editio
675 753 1057 818 Viennensis
1088 752 1382 817 conferre
1429 753 1513 820 ad
1558 769 1807 820 textum
1838 754 2069 818 Avieni
2109 769 2283 819 recte
2326 754 2608 818 consti-

446 858 766 924 tuendum
815 859 1039 947 possit.
1085 860 1328 925 Versus
1387 861 1676 939 140-143
1728 860 2191 948 Descriptionis
2254 859 2429 924 orbis
2482 858 2609 922 sic

443 967 752 1054 leguntur
777 965 847 1028 in
877 965 1150 1053 vulgatis
1182 987 1197 1027 ε

726 1129 792 1179 In
819 1127 1040 1179 Boream
1063 1127 1468 1199 Zephyrumque
1493 1125 1689 1180 dehinc
1717 1126 1920 1180 deflexa
1946 1143 2243 1199 parumper.

733 1216 870 1269 Hinc
893 1216 1040 1268 sinus
1059 1216 1238 1270 Ionius
1257 1229 1515 1271 curvatur
1530 1216 1697 1270 litoris
1725 1229 1841 1270 acta
1855 1257 1872 1283 ,

729 1303 847 1355 Alta
871 1314 1056 1370 petunt
1075 1322 1238 1356 rauco
1259 1306 1466 1377 penitus
1489 1304 1732 1375 repentia
1752 1303 1942 1370 fluctu,

733 1389 952 1461 Cespitis
979 1403 1032 1445 et
1056 1393 1254 1462 gemini
1275 1393 1430 1446 tellus
1451 1391 1759 1464 irrumpitur
1789 1392 1910 1445 alto.

733 1477 873 1530 Nam
895 1497 1003 1549 qua
1023 1477 1291 1544 ceruleis,
1323 1491 1422 1532 etc.

450 1633 774 1696 Viderunt
805 1634 1190 1722 interpretes
1210 1680 1229 1715 ,
1253 1635 1681 1722 inprimisque
1702 1634 2095 1699 Schraderus
2116 1681 2134 1714 ,
2173 1633 2399 1697 vitiose
2436 1649 2583 1696 tur-

452 1739 680 1804 batum
715 1759 853 1802 esse
885 1737 1182 1802 ordinem
1213 1738 1453 1803 horum
1481 1761 1790 1804 versuum
1811 1757 1852 1820 ,·
1869 1763 1987 1804 nec
2023 1738 2273 1804 facilem
2316 1760 2585 1801 sensum

448 1842 760 1920 fundere,
811 1867 934 1911 nec
987 1869 1140 1911 cum
1189 1847 1507 1934 Dionysio
1561 1848 1928 1912 convenire.
1980 1845 2163 1910 Vidit
2191 1895 2211 1930 ‚
2272 1845 2539 1932 inquam
2560 1891 2580 1924 ,

452 1951 846 2018 Schraderus
893 1953 1040 2018 loco
1091 1975 1171 2018 eo
1220 1933 1503 2019 multum
1544 1970 1794 2018 versato
1811 2003 1829 2036 ,
1872 1950 2393 2040 transponendos
2443 1973 2582 2014 esse

449 2081 676 2123 versus
703 2062 820 2137 141
855 2076 923 2123 et
955 2063 1100 2137 142.
1141 2059 1270 2123 Sed
1303 2058 1481 2147 quod
1508 2059 1616 2123 ille
1638 2059 1902 2148 ingenio
1939 2075 2006 2122 et
2034 2057 2449 2122 meditatione
2476 2057 2585 2118 vix

453 2165 694 2253 reperit
710 2211 730 2244 ‚
774 2164 903 2228 hoc
945 2162 1198 2229 dudum
1229 2164 1756 2252 praestantissima
1792 2164 2173 2251 exemplaria
2207 2161 2584 2253 Cuspiniani

455 2287 524 2332 et
552 2267 827 2332 Vadiani
867 2268 1281 2349 obtulerunt,
1331 2269 1447 2361 qui
1489 2289 1713 2332 versus
1754 2267 1899 2332 illos
1949 2267 2284 2353 ordinant,
2330 2269 2427 2333 uti
2462 2292 2583 2333 nos

454 2372 819 2439 edidimus:
868 2404 893 2427 α
931 2422 945 2435 .
965 2422 979 2435 .
997 2422 1013 2439 .
1031 2423 1046 2436 .
1064 2420 1079 2437 .
1113 2372 1617 2461 Zephyrumque
1661 2372 1898 2438 dehinc
1946 2373 2188 2439 deflexa
2240 2397 2591 2464 parumper
2702 2380 2713 2391 '

455 2480 600 2544 Alta
645 2496 975 2568 petunt...
1025 2478 1148 2542 Hic
1196 2478 1376 2543 sinus
1425 2479 1749 2544 Ionius...
1804 2480 2076 2569 Cespitis
2114 2498 2190 2575 'et
2234 2481 2570 2571 gemini...

453 2584 620 2648 Nam
668 2606 812 2671 quae
853 2584 1136 2647 ooeruleis
1167 2612 1213 2647 ιι.
1241 2582 1481 2648 Versus
1533 2582 1694 2648 1015
1740 2585 1811 2648 in
1858 2586 2229 2676 vulgaribus
2279 2586 2585 2674 exemplis

453 2687 974 2774 corruptissimus
1006 2704 1212 2752 exstat
1231 2735 1252 2769 ,
1296 2709 1511 2777 neque
1555 2690 1926 2757 criticorum
1972 2714 2127 2761 cura
2177 2692 2327 2758 satis
2371 2690 2586 2757 adhuc

457 2792 709 2857 restitui
745 2788 1000 2883 potuit:
1047 2800 1054 2807 ’

739 2952 764 2978 ¹*
784 2950 990 3004 Priscas
1017 2950 1119 3004 ida
1143 2951 1310 3005 fomes
1336 2952 1518 3007 calidi·
1545 2952 1786 3007 adoletur
1806 2952 1861 3005 in
1889 2954 1993 3008 aris

739 3038 891 3111 δῦρο
906 3034 1139 3094 Diouoeae
1155 3039 1372 3092 Veneri.

457 3202 799 3267 Salmasius
839 3199 1104 3289 quidem
1129 3200 1224 3288 (1)
1260 3198 1673 3264 commodam
1715 3197 2237 3263 emendationem
2278 3198 2587 3288 reperisse

455 3306 732 3391 videtur,
760 3330 957 3396 quam
993 3324 1060 3372 et
1089 3304 1450 3373 Hudsonus
1479 3304 1765 3393 recepit:

631 3494 647 3511 ·
737 3470 919 3526 Prisca
938 3470 1098 3525 Side:
1131 3490 1221 3525 sus
1247 3470 1338 3525 hic
1365 3466 1549 3523 calidis
1575 3467 1819 3523 adoletur
1847 3469 1905 3524 in
1932 3470 2054 3523 aris.

461 3637 590 3703 Sed
635 3638 860 3704 Graeca
905 3640 1203 3728 Dionysii
1245 3640 1725 3720 demonstrant,
1774 3640 1882 3703 hic
1924 3637 2307 3729 Aspendum
2358 3635 2587 3700 urbem

459 3741 928 3809 nominandam
955 3744 1185 3826 fuisse,
1217 3762 1283 3812 et
1305 3762 1580 3836 utraque
1596 3744 1985 3811 Viennensis
2017 3742 2217 3808 editio
2254 3740 2421 3809 duos
2445 3765 2591 3807 ver-

531 3942 607 4011 (1)
643 3938 730 3997 Ad
757 3939 919 4002 Solin-
946 3958 1072 4015 png.
1097 3940 1220 4010 549.
