2996 4685
801 391 936 458 AD
989 389 1286 458 ORAM
1335 389 1967 469 MAmTIMAm.
2304 395 2445 488 495

321 527 560 576 verunt
588 509 830 576 viribus
853 557 872 591 ‚
909 526 984 573 ut
1013 526 1281 598 propter
1311 511 1484 598 ipsos
1523 509 1825 576 subactos
1848 513 2189 578 Cornelius
2209 517 2447 580 Cossus

327 612 823 700 triumphalibus
858 611 1222 676 honoribus
1256 627 1322 676 et
1367 628 1807 702 cognomento
1844 612 2135 678 Gaetulici
2184 632 2450 681 ornatus

327 713 544 778 fuerit.
593 713 690 776 De
726 728 958 776 caetero
1001 712 1196 794 Iuba,
1231 713 1557 777 Numidiae
1587 714 1782 777 simul
1814 729 1881 777 et
1913 714 2199 780 Gaetuliae
2234 735 2415 806 parte
2435 767 2453 798 ‚

327 803 470 878 tuin
503 829 778 902 utraque
809 813 1198 878 Mauritania
1235 815 1483 901 potitus
1504 861 1524 895 ,
1572 814 1780 878 multo
1819 815 2009 880 latius
2056 820 2344 908 regnavit
2382 822 2449 883 in

327 916 578 996 Africa,
633 937 830 1002 quam
865 932 1068 1002 pater.
1125 916 1249 980 Cui
1295 914 1560 1002 quidem
1604 917 1939 998 Lucanus,
1971 918 2098 1001 jib.
2132 919 2241 1002 IV,
2276 922 2405 1008 670
2428 971 2445 1002 ‚

325 1017 793 1106 amplissimum
829 1017 1178 1105 imperium
1213 1017 1478 1081 tribuit:

617 1225 1336 1243 .....................
1381 1201 1724 1262 extremaque
1749 1191 1932 1244 mundi

609 1273 769 1345 Signa
797 1291 951 1326 suum
981 1273 1226 1326 comitata
1253 1273 1286 1324 J
1289 1271 1448 1326 ubam
1472 1291 1486 1324 :
1516 1292 1625 1326 non
1652 1273 1818 1326 fissior
1842 1275 1935 1327 ulli

609 1355 774 1410 Terra
805 1355 907 1408 fuit
931 1355 1180 1410 domino:
1207 1375 1311 1427 qua
1337 1369 1461 1408 sunt
1483 1355 1788 1430 longissima
1809 1377 2001 1430 regna,

613 1439 847 1494 Cardine
871 1441 940 1493 ab
966 1437 1192 1494 occiduo
1213 1440 1416 1494 vicinus
1435 1438 1677 1492 Gadibus
1699 1439 1845 1493 Atlas

614 1524 922 1578 Tei-minat:
956 1537 1012 1578 at
1033 1523 1210 1578 medio
1236 1523 1464 1579 confinis
1483 1523 1731 1596 Syrtibus
1757 1525 2003 1576 Ammon.

332 1709 460 1773 Sed
481 1725 653 1774 recte
678 1710 812 1774 haec
839 1709 1165 1800 improbat
1183 1759 1204 1792 ,
1238 1710 1351 1797 qui
1385 1709 1841 1774 Mauritaniam
1869 1710 2051 1774 Jubae
2072 1712 2296 1792 majori
2328 1737 2461 1778 non

335 1812 623 1898 paruisse
663 1811 1029 1893 contendit,
1075 1811 1374 1877 Nor-isius
1413 1811 1495 1876 ad
1537 1812 1765 1876 Cenot.
1808 1812 1933 1876 Pis.
1972 1814 2139 1879 Diss.
2172 1816 2271 1898 11,
2320 1840 2458 1904 cap.

345 1933 454 1992 12,
499 1934 565 1999 p.
603 1909 766 1993 235,
805 1928 871 1975 et
903 1912 1126 1976 omnia
1155 1913 1293 1978 haec
1320 1935 1358 1976 a
1393 1913 1658 1976 Lucano
1702 1912 1863 1978 falso
1911 1916 2147 2003 scripta
2194 1919 2463 2005 poeticae

336 2012 607 2076 licentiae
631 2012 930 2100 imputat.
968 2013 1132 2076 Mihi
1161 2013 1355 2078 etiam
1381 2035 1601 2078 errore
1624 2014 1841 2101 lapsus
1865 2014 2165 2080 Lucanus
2188 2016 2465 2098 videtur,

336 2115 453 2201 qui
497 2137 703 2204 quum
751 2137 1065 2204 magnum
1111 2116 1462 2204 imperium
1489 2115 1671 2180 Juhae
1707 2115 1985 2195 junioris
2014 2133 2079 2185 et
2108 2118 2432 2183 Ptolemaei
2449 2170 2467 2202 ,

335 2238 468 2280 suoe
497 2218 666 2282 aetati
716 2218 1164 2306 proximorum
1185 2266 1202 2294 ,
1247 2217 1448 2282 fuisse
1481 2217 1675 2283 sciret
1695 2265 1713 2294 ,
1763 2216 1959 2297 hujus
2010 2220 2321 2307 opinione
2351 2220 2465 2285 de-

336 2335 562 2406 ceptus
595 2319 788 2383 etiam
829 2319 1010 2385 Jubae
1053 2319 1328 2385 senioris
1361 2334 1619 2385 tantum
1664 2319 1863 2385 fuisse
1897 2321 2165 2408 putavit.
2218 2323 2350 2387 Tot
2379 2348 2472 2389 re-

335 2421 478 2507 gnis
509 2438 574 2485 et
598 2420 930 2489 beneficiis
969 2438 1162 2487 aucto
1213 2422 1376 2486 Iuba
1393 2469 1413 2503 ,
1445 2422 1621 2485 ultro
1652 2420 1940 2509 adparet,
1980 2422 2160 2509 quod
2186 2425 2467 2488 Avienus

335 2525 456 2605 ait,
507 2526 858 2592 Octaviano
901 2527 1179 2615 principi
1211 2530 1708 2614 acceptissima
1730 2524 1953 2610 fuisse.
1997 2527 2197 2607 Cujus
2228 2528 2464 2594 favoris

338 2626 440 2689 vel
471 2626 826 2693 maximum
856 2625 1328 2691 documentum
1359 2644 1485 2707 est,
1520 2625 1703 2714 quod
1732 2649 1887 2689 eum
1920 2628 2299 2716 Cleopatrae,
2330 2633 2464 2693 An-

339 2728 502 2791 tonii
531 2727 676 2793 filim
695 2776 714 2810 ,
751 2729 1166 2793 matrimonio
1198 2726 1452 2809 junxit,
1484 2749 1697 2814 eoque
1724 2728 1977 2792 familiae
2010 2746 2074 2793 et
2100 2732 2471 2819 cognationi
2518 2816 2525 2822 ι

339 2834 662 2897 Caesarum
693 2830 985 2897 inseruit.
1023 2829 1410 2895 Plutarchus
1441 2828 1760 2917 signifieat
1792 2830 1863 2893 in
1895 2829 2023 2893 vita
2057 2832 2146 2894 M.
2176 2833 2471 2914 Antonii,

339 2956 399 2996 e.
433 2932 516 2997 88
537 2955 554 2997 :
595 2944 920 3015 Κλεοπάτραν
942 2942 1030 3013 μὲν
1051 2942 1142 2999 τήν
1162 2942 1218 2993 ἐκ
1241 2939 1569 3011 Κλεοπάτρας
1594 2929 1748 3006 Ῐοΰᾷ,
1774 2947 1847 3008 τῷ
1869 2940 2183 3011 χαριεστάτῳ
2212 2944 2473 3009 βασιλέων,

339 3044 600 3111 συνῴκισεν
615 3080 632 3101 ,
680 3034 866 3101 Jubae
913 3034 1338 3122 acceptissimo
1369 3030 1515 3095 sibi.
1541 3031 1683 3117 regi
1720 3029 2079 3095 collocavit.
2130 3033 2286 3098 Erat
2334 3035 2471 3100 haec

341 3136 678 3222 Cleopatra
712 3135 980 3224 gemella
1011 3155 1199 3199 soror
1231 3130 1619 3213 Alexandri,
1656 3152 1823 3219 quos
1850 3132 2175 3197 Antonius
2206 3156 2243 3197 e
2274 3137 2465 3201 Cleo-

343 3251 524 3324 patra
575 3236 794 3325 regina
833 3252 1166 3324 susceptos
1185 3284 1204 3317 ‚
1258 3236 1440 3300 hunc
1489 3232 1759 3321 quidem
1808 3252 2253 3322 cognomento
2307 3235 2468 3303 ἑλιον,

347 3336 756 3424 Cleopatram
786 3348 990 3405 Σιλτὶνην
1025 3336 1466 3427 adpellaverat.
1487 3336 1818 3402 Plutarch.
1846 3336 1915 3399 in
1938 3338 2180 3400 Anton.
2210 3362 2347 3426 cap.
2370 3339 2474 3405 36.

342 3437 518 3502 Hinc
549 3438 777 3503 Selene
809 3437 1183 3503 nominatur
1209 3438 1550 3525 Cleopatra
1584 3461 1622 3502 a
1654 3437 1995 3518 SuetoniO,
2030 3438 2229 3528 Calig.
2274 3464 2330 3505 c.
2370 3443 2473 3505 26.

343 3540 508 3603 Eam
553 3563 633 3605 ex
678 3540 834 3605 Caio
880 3540 1122 3604 Caesare
1156 3556 1372 3603 natam
1415 3538 1615 3603 fuisse
1638 3586 1657 3619 ,
1709 3538 1869 3602 falso
1922 3537 2119 3603 tradit
2149 3539 2379 3606 Suidas
2406 3544 2471 3605 in

344 3642 530 3707 Iuba.
576 3642 702 3706 Per
749 3664 890 3705 eam
934 3640 1100 3706 Juha
1145 3642 1214 3705 in
1259 3640 1565 3705 familiam
1598 3639 1863 3703 Coesaris
1894 3640 2189 3726 pervenit
2214 3688 2231 3721 ,
2278 3644 2479 3730 siqui-

347 3742 496 3809 dem
533 3744 744 3809 caeteri
775 3744 962 3810 liberi
1019 3741 1322 3823 Antonii,
1379 3764 1544 3830 quos
1591 3765 1627 3805 e
1672 3740 1891 3829 priore
1926 3763 2129 3805 uxore
2174 3743 2435 3809 Octavia
2457 3795 2476 3826 ‚

351 3844 630 3933 Augusti
677 3868 930 3925 sorore,
977 3858 1378 3933 susceperat,
1413 3866 1553 3907 eam
1592 3842 1886 3930 proxime
1936 3839 2375 3931 adtingebant.
2422 3848 2477 3911 E

345 3946 568 4011 liberis
602 3946 782 4011 Juboe
829 3970 866 4011 e
902 3947 1244 4035 Cleopatra
1289 3946 1517 4009 Selene
1552 3945 1721 4009 natis
1774 3966 1908 4008 non
1956 3944 2151 4008 alium
2176 3992 2193 4025 ,
2253 3964 2483 4034 praeter

348 4048 780 4112 Ptolemaeum
805 4096 821 4123 ‚
857 4048 972 4135 qui
995 4049 1054 4112 ei
1082 4048 1148 4111 in
1175 4070 1380 4137 regno
1406 4047 1712 4112 successit
1734 4094 1753 4126 ‚
1783 4046 2147 4134 accepimns
2170 4096 2187 4129 ,
2220 4048 2487 4137 ipsaque

344 4150 690 4239 Cleopatra
731 4166 984 4214 mature
1014 4148 1360 4214 decessisse
1393 4148 1652 4215 videtur
1676 4198 1695 4231 ‚
1730 4148 1783 4213 si
1812 4170 2039 4213 verum
2068 4148 2346 4213 narravit
2377 4149 2489 4212 Jo-
