2996 4685
533 401 2693 432 mmm-mmmmmmmmmmmm

855 693 1871 819 EXCURSUS
1969 699 2345 819 VIII

631 981 760 1048 AD
808 979 1128 1049 DEscR.
1175 937 1438 1047 omns
1487 979 1838 1065 ΤΕΒΒΕ,
1877 1003 1969 1048 vs.
2023 979 2203 1064 1084
2250 994 2317 1049 et
2364 977 2567 1052 1085.

813 1423 883 1475 Et
903 1439 1011 1494 qua
1035 1421 1319 1476 Phobeem
1345 1424 1536 1494 procul
1559 1421 1879 1475 incunabula
1901 1421 2076 1476 lucem

813 1507 991 1560 Prima
1013 1506 1194 1561 fovent
1209 1549 1225 1574 ‚
1243 1507 1470 1560 Emesus
1491 1507 1702 1578 fastigia
1724 1506 1865 1560 celsa
1887 1506 2108 1560 renidet.

621 1685 1081 1749 Panna-rinus
1111 1681 1422 1746 Salmasio
1451 1678 1533 1743 ad
1570 1680 1826 1766 Vopisc.
1858 1702 1923 1768 p.
1962 1677 2089 1745 366
2109 1727 2127 1761 ,
2154 1680 2218 1744 b.
2257 1681 2548 1746 Holsten.
2583 1681 2669 1746 ad

531 1786 754 1876 steph.
781 1809 838 1850 v.
871 1777 1106 1866 ἱεμισσα,
1135 1782 1344 1848 Huds.
1378 1780 1460 1845 ad
1492 1781 1764 1870 Dionys.
1798 1805 1859 1844 v,
1892 1803 2025 1868 919
2046 1831 2064 1860 ‚
2094 1783 2498 1847 monendum
2534 1801 2668 1865 est,

531 1905 681 1954 octo
720 1909 944 1952 versus
991 1885 1073 1951 de
1116 1883 1334 1949 Emisa
1381 1882 1602 1947 deesse
1646 1880 1717 1945 in
1766 1881 1915 1946 edd.
1961 1883 2279 1970 Dionysii.
2320 1883 2472 1947 Non
2508 1885 2669 1975 legit

529 2013 642 2056 eos
688 1983 1092 2070 Priscianus,
1143 2009 1266 2050 nec
1310 1985 1691 2049 Eustathius
1710 2033 1728 2064 ,
1766 1982 1969 2048 dubio
2012 1999 2226 2048 tamen
2280 1986 2509 2072 procul
2559 2009 2669 2050 re·

528 2092 696 2181 perti
744 2107 901 2156 sunt
947 2090 1028 2154 ab
1065 2088 1314 2154 Avieno
1352 2088 1419 2149 in
1457 2085 1841 2173 exemplari,
1868 2096 2003 2173 q'uo
2039 2085 2364 2148 utebatur.
2394 2084 2473 2150 Id
2507 2109 2667 2176 pro·

399 2205 406 2214 '
528 2193 721 2257 batur
755 2215 791 2257 e
827 2191 1126 2280 Dionysii
1159 2211 1352 2253 versu
1400 2203 1652 2252 servato
1700 2211 1737 2250 a
1776 2186 2107 2276 Stephano
2138 2187 2183 2250 l.
2218 2209 2277 2250 c.
2310 2201 2409 2258 Τῆς
2448 2194 2507 2249 δὲ
2544 2201 2665 2260 πρὸς

529 2304 750 2361 dvx-oum
775 2290 972 2375 ἱεμίσων
1000 2303 1168 2376 πόλις,
1192 2290 1376 2371 cujus
1411 2305 1665 2353 tantum
1699 2289 1905 2378 prima
1936 2288 2131 2353 verba
2154 2285 2364 2353 'hodie
2394 2287 2463 2353 in
2501 2290 2665 2354 Dio-

529 2394 718 2483 nysio
745 2409 1029 2476 exstant,
1058 2392 1296 2457 omissa
1327 2391 1559 2455 Emisae
1601 2392 1953 2455 mentione.
1999 2390 2324 2454 Librarius
2364 2392 2665 2455 similitu·

529 2496 683 2561 (line
722 2518 1032 2561 versuum
1091 2492 1322 2557 eodem
1369 2491 1570 2557 modo
1619 2493 2073 2581 incipientium
2110 2490 2372 2556 delusus
2409 2509 2525 2557 est.
2558 2494 2665 2557 Si·

528 2596 704 2661 milia
755 2597 1049 2685 exempla
1099 2595 1250 2660 dedi
1284 2596 1352 2658 in
1393 2594 1666 2659 Observ.
1705 2619 1767 2683 p.
1802 2598 1864 2671 4.
1900 2594 2207 2658 Defectus
2238 2592 2552 2659 indicium
2590 2594 2665 2659 in

527 2696 860 2764 codicibus
897 2696 1289 2786 quibusdam
1323 2696 1771 2785 DionysianiS‚
1798 2711 1875 2760 ut
1905 2696 2116 2759 Oxon.
2152 2696 2410 2761 Barocc.
2443 2720 2507 2761 n.
2539 2697 2660 2783 78,

526 2798 794 2888 adparet
839 2800 1201 2865 asteriscus.
1254 2790 1442 2863 Gonf.
1502 2797 1817 2863 Dodwell.
1867 2797 2036 2862 Diss.
2089 2795 2171 2861 de
2218 2812 2317 2861 aet.
2373 2813 2439 2861 et
2495 2815 2663 2885 patr.

529 2902 799 2990 Dionys.
836 2912 866 2979 ς
897 2901 1200 2965 XXXVI.
1229 2900 1430 2965 Scan.
1456 2936 1547 2947 —-
1568 2897 1890 2986 Equidem
1932 2896 2128 2977 hujus
2167 2898 2501 2961 sententiae
2536 2899 2663 2962 do-

530 3018 786 3066 ctorum
810 3004 1099 3067 virorum
1126 3051 1145 3084 ,
1172 3026 1299 3090 qua
1332 3001 1712 3090 particulam
1751 2999 2106 3089 deEmesae
2130 2999 2310 3063 urbis
2338 2998 2525 3064 laude
2550 3022 2663 3064 ex-

527 3101 756 3167 cidisse
788 3124 825 3166 e
855 3102 1189 3167 codicibus
1218 3102 1557 3190 Dionysii,
1583 3118 1647 3165 et
1672 3124 1707 3163 a
1740 3099 1882 3164 solo
1906 3100 2155 3165 Avieno
2184 3118 2492 3165 servatam
2520 3124 2660 3166 esse

527 3201 970 3285 contendunt,
988 3219 1054 3266 et
1075 3203 1183 3267 cui
1195 3201 1569 3268 Dodwellus
1594 3200 1973 3290 primarium
1988 3219 2443 3289 argumentum
2462 3226 2655 3268 suum

525 3304 608 3369 de
628 3320 816 3371 aetate
832 3304 1133 3393 Dionysii
1153 3304 1618 3391 superstruxit,
1641 3325 1777 3365 non
1806 3318 1939 3365 tam
1965 3324 2187 3391 graves
2221 3318 2657 3392 urgentesque

526 3428 779 3471 caussas
831 3427 970 3469 esse
1023 3404 1276 3493 reperio
1296 3453 1314 3484 ,
1350 3420 1427 3469 ut
1456 3420 1805 3492 propterea
1855 3402 1937 3468 de
1980 3420 2288 3491 corrupto
2314 3400 2417 3477 v'el
2448 3404 2655 3469 laxato

525 3505 822 3594 Dionysii
870 3522 1051 3570 texto
1099 3506 1409 3595 suspicari
1445 3504 1817 3569 debeamus.
1857 3505 1935 3568 In
1970 3504 2115 3594 ipso
2155 3504 2473 3594 Dionysio
2506 3506 2655 3569 nul·

525 3604 663 3668 lum
697 3605 1016 3699 ejusmodi
1051 3606 1341 3671 defectus
1369 3608 1470 3671 vel
1501 3606 1938 3695 corruptionis
1963 3606 2327 3695 vestigium.
2355 3607 2591 3671 Versus
2614 3630 2655 3670 a

524 3704 854 3793 Stephano
886 3707 1114 3771 citatus
1129 3754 1148 3788 ‚
1174 3708 1294 3772 etsi
1325 3707 1556 3772 similia
1588 3731 1743 3771 cum
1778 3706 2180 3795 Dionysiano
2202 3708 2397 3771 verba
2424 3708 2649 3791 habet,

527 3826 663 3868 non
715 3821 930 3868 tamen
979 3828 1238 3873 neeesse
1279 3825 1376 3874 est
1421 3832 1502 3873 eo
1538 3810 1684 3873 loco
1716 3804 2061 3891 astiterit,
2094 3808 2162 3871 in
2197 3832 2331 3897 quo
2367 3808 2451 3874 de
2479 3815 2653 3897 Apa·

531 3925 670 3967 mea
720 3922 786 3967 et
833 3906 1086 3971 Oronte
1127 3907 1191 3973 fl.
1241 3932 1452 3974 sermo
1490 3925 1608 3975 est.
1642 3910 1809 3974 Nam
1845 3925 1911 3975 et
1941 3910 2076 3975 aliis
2112 3898 2285 3976 locis'
2303 3912 2649 4001 Dionysius

529 4005 606 4068 iis
638 4005 850 4071 verbis
883 4008 1112 4091 utitur,
1146 4033 1202 4073 e.
1233 4036 1292 4101 g.
1323 4036 1383 4075 v.
1413 4013 1565 4099 976.
1598 4012 1830 4099 Neque
1862 4012 2216 4101 Dionysius
2250 4036 2287 4077 a
2322 4012 2649 4101 Stephano

505 4104 823 4171 ‘laudatus
853 4110 1208 4175 necessario
1233 4135 1350 4199 pro
1375 4112 1617 4177 Nostro
1642 4112 1980 4179 habendus
2008 4130 2137 4195 est,
2157 4114 2475 4201 siquidem
2502 4136 2647 4178 eum
