2996 4685
1027 364 1232 432 ORA
1281 361 1836 431 MARITIMA.

1094 537 1110 551 .
1157 483 1394 552 haesice
1437 507 1563 576 gen
1611 479 1741 549 sale

537 691 830 784 Ejusque
868 690 938 758 in
975 714 1202 785 aequor
1238 688 1530 759 Classius
1564 689 1779 757 amnis
1816 688 2061 758 influit.

634 804 726 870 At
762 802 1103 872 Cimenice
1141 802 1323 894 regio
1369 798 1709 868 descendit
1750 797 1988 892 procul

2396 826 2473 864 ⁶15

542 909 730 980 Salso
763 911 849 979 ab
884 911 1169 1000 fluente,
1204 910 1351 980 fusa
1389 909 1605 978 multo
1646 910 1929 1002 cespite,

547 1021 634 1088 Et
671 1045 879 1116 opaca
917 1021 1134 1091 silvis:
1173 1021 1462 1090 nominis
1500 1045 1703 1115 porro
1742 1032 1978 1088 auctor
2017 1035 2117 1090 est

353 1205 514 1256 quam
544 1187 808 1240 coloniam
842 1185 1048 1240 Plinius
1081 1185 1134 1238 in
1164 1185 1371 1239 Narbo-

354 1268 530 1320 nensis
581 1265 934 1337 descriptione
985 1265 1060 1319 ait
1106 1267 1372 1318 Classicam

355 1345 636 1416 adpellari,
662 1357 714 1397 et
733 1345 953 1410 Strabo,
974 1364 1093 1418 pag.
1120 1363 1239 1415 ¹²7·
1265 1345 1375 1396 ναύ-

355 1431 558 1497 σταθμον
579 1465 594 1488 ,
647 1430 826 1478 navale
872 1426 1088 1479 Caesaris
1136 1423 1371 1495 Augusti.

355 1503 515 1569 Quod
564 1523 856 1576 cognomen
913 1524 1024 1557 non
1077 1503 1290 1556 demum
1343 1521 1375 1556 a

354 1583 518 1636 classe
543 1583 760 1637 ematis
787 1584 1078 1655 accepisse,
1120 1581 1211 1636 sed
1237 1581 1374 1635 anti·

357 1663 537 1733 quitus
573 1662 818 1716 habuisse
845 1661 1074 1726 videtur,
1122 1660 1267 1734 quod
1299 1662 1376 1716 ibi

357 1762 518 1796 naves
539 1742 817 1796 commode
845 1754 899 1794 et
941 1743 1248 1813 frequenter
1281 1740 1380 1794 ad-

356 1820 634 1892 pellerent,
655 1833 708 1874 et
725 1820 975 1892 deinceps
991 1821 1143 1872 statio
1165 1819 1380 1872 navium

360 1901 576 1954 Coesaris
593 1911 892 1971 opportuna
909 1910 1061 1953 esset.
1090 1899 1378 1970 Antiquum

359 1998 484 2033 vero
513 1990 564 2032 et
587 1979 833 2032 Graecum
861 1997 1058 2031 nomen
1082 1981 1373 2036 Naustalon,

360 2057 614 2111 credibile
641 2069 720 2111 est
735 2098 750 2122 ‚
785 2058 842 2109 in
874 2057 1121 2110 Latinum
1161 2059 1384 2108 Classica

361 2137 641 2191 transiisse.
691 2137 934 2190 Fortasse
987 2136 1182 2189 rectius
1241 2134 1384 2206 apud

365 2214 628 2269 Avienum
651 2215 850 2286 legitur
867 2217 1154 2274 Ναύστολος.

436 2292 556 2347 6ι3.
583 2300 650 2347 Ee
663 2299 776 2348 urbs
801 2331 814 2345 .
835 2334 849 2348 .
870 2335 882 2348 .
905 2335 920 2348 .
951 2294 1038 2349 Sic
1068 2295 1382 2349 lacunosum

367 2392 580 2429 versum
611 2375 825 2428 exhibet
857 2375 1030 2449 prima
1049 2376 1185 2429 Ven.
1211 2392 1386 2449 neque

367 2451 482 2505 aliu
508 2452 764 2507 editiones
793 2454 1130 2527 integriorem
1164 2454 1390 2509 reddere

368 2542 670 2601 potuerunt.
727 2534 793 2585 In
837 2533 1065 2587 residuis
1102 2534 1264 2587 literis
1303 2534 1390 2587 vel

367 2610 586 2663 vocibus
607 2610 866 2683 adparent
877 2611 1094 2682 vestigia
1114 2612 1392 2664 nominum

370 2690 706 2761 propriorum
723 2728 740 2754 ‚
765 2708 885 2762 quoe
907 2691 1034 2763 quia
1052 2690 1294 2743 notitiam
1313 2690 1394 2743 fu-

372 2770 583 2839 giebant
605 2770 835 2836 librarii,
865 2782 917 2822 et
955 2768 1223 2823 difficilius
1260 2770 1395 2847 lege-

373 2849 592 2913 bantur,
611 2851 709 2904 has
735 2849 956 2903 lacunas
974 2860 1314 2920 pepererunt.
1331 2848 1398 2900 Et

375 2940 495 2997 post
529 2946 652 2982 eum
689 2946 902 2983 versum
937 2928 1100 2981 trium
1136 2926 1396 2982 linearum

379 3006 607 3076 spatium
634 3025 866 3061 vacuum
894 3018 997 3059 est.

449 3088 573 3149 614.
608 3090 821 3139 Classius
848 3090 1029 3138 amnis.
1054 3086 1303 3139 Heinsius
1319 3086 1397 3138 le·

384 3160 460 3231 git
485 3165 673 3215 clasem
687 3202 702 3225 ,
735 3164 880 3234 quod
921 3164 1031 3217 fere
1071 3177 1240 3218 metro
1274 3184 1400 3219 con-

384 3239 694 3295 v-ientius.
715 3242 784 3294 Et
805 3242 896 3294 hic
919 3240 1152 3296 indictus
1175 3244 1404 3315 Geogra·

383 3317 499 3389 phis
520 3318 689 3371 amnis
709 3320 845 3373 forte
869 3322 1128 3374 recentius
1148 3321 1292 3374 aliud
1310 3342 1407 3374 no-

383 3416 510 3451 men
527 3398 751 3470 accepit,
763 3404 958 3450 Dracus
975 3410 1066 3451 aut
1080 3404 1323 3453 Druentia
1334 3402 1410 3469 (Ia
1495 3420 1707 3472 aequore
1736 3426 1759 3447 a·
1780 3417 1797 3463 ;

1457 1183 1551 1236 lar.
1575 1183 1707 1237 Orb.
1731 1185 1849 1235 Ant.
1871 1183 1963 1236 lib.
1986 1184 2065 1251 11,
2088 1203 2202 1256 cap.
2220 1203 2273 1254 9,
2287 1204 2339 1257 p.
2360 1189 2480 1258 7²5·

1457 1262 1643 1316 Solent
1683 1274 1857 1316 autem
1894 1261 2043 1315 haud
2081 1281 2205 1317 raro
2236 1284 2299 1318 ea
2332 1267 2448 1320 loca
2464 1307 2481 1332 ,

1459 1343 1517 1396 in
1543 1361 1659 1414 quo
1698 1342 1919 1396 colonie
1960 1345 2205 1396 Romane
2245 1343 2487 1400 deductae

1457 1435 1609 1488 sunt,
1634 1422 1851 1476 nomina
1882 1422 2121 1494 accipere
2152 1422 2222 1476 ab
2250 1425 2450 1480 Italicis
2468 1468 2485 1494 ‚

1460 1521 1490 1554 e
1509 1501 1701 1573 quibus
1719 1499 2031 1573 conscripta!
2057 1501 2287 1574 legiones
2310 1523 2375 1558 eo
2398 1506 2488 1558 de-

1461 1591 1729 1634 venerant.
1760 1578 1900 1633 Hinc
1926 1579 2059 1632 mihi
2080 1599 2273 1634 nomen
2297 1587 2490 1638 montis

1468 1662 1655 1712 Cimoni
1680 1669 1733 1714 et
1763 1662 2023 1712 cimenicoe
2042 1660 2273 1730 regionis
2298 1662 2351 1713 in
2375 1663 2494 1716 Gal-

1463 1739 1535 1792 lia
1570 1739 1792 1810 explico.
1826 1737 2153 1792 Schraderus
2190 1739 2247 1791 in
2283 1742 2491 1796 schedis

1465 1819 1689 1890 conjecit
1709 1821 2009 1870 Gemmem‘ce
2027 1836 2058 1871 a
2078 1829 2257 1872 monte
2281 1824 2493 1874 Cemme-

1467 1901 1576 1958 m‘o,
1599 1915 1759 1969 quem
1777 1895 1950 1967 ipsum
1978 1907 2155 1948 tamen
2180 1897 2273 1951 ubi
2291 1919 2495 1972 repere—

1467 1976 1539 2030 rit
1556 2017 1572 2042 ,
1601 1976 1791 2030 nescio.
1819 1973 1925 2028 Sed
1952 1973 2155 2028 Plinius
2172 2014 2189 2040 ,
2219 1977 2331 2045 111,
2366 1998 2411 2034 c.
2438 1983 2492 2047 5,

1467 2067 1614 2109 trans
1634 2055 1840 2108 Varum
1864 2072 2075 2106 amnem
2089 2092 2105 2118 ,
2128 2055 2287 2110 finem
2310 2057 2495 2126 Italiae,

1466 2137 1523 2188 in
1541 2133 1852 2200 Vediantiis,
1870 2133 2133 2205 Ligurum
2155 2137 2386 2208 populo,
2402 2159 2502 2211 op-

1468 2214 1658 2287 pidum
1700 2219 1988 2268 Cermnelae'on
2031 2214 2291 2284 collocat,
2324 2217 2498 2272 Ptole-

1469 2313 1606 2349 maeo
1618 2299 1949 2357 Cemeneleon,
1966 2313 2112 2349 nunc
2128 2297 2319 2360 Cimiez,
2334 2317 2501 2371 prope

1470 2360 1721 2429 Nicaeam.
1742 2372 1868 2427 Hoec
1890 2374 2105 2427 nomina
2119 2388 2259 2430 certe
2278 2378 2501 2449 antiquo

1473 2453 1554 2506 illi
1588 2453 1774 2508 Avieni
1813 2456 2052 2507 Cimenice
2081 2454 2237 2510 valde
2262 2470 2386 2509 sunt
2408 2456 2503 2512 ad·

1475 2532 1623 2587 finis.
1655 2564 1725 2575 —
1744 2537 2014 2586 Descendit
2034 2539 2215 2602 procu!
2246 2534 2500 2608 vulgata·
2486 2576 2501 2589 .
2556 2600 2565 2605 -

1478 2624 1531 2665 et
1556 2613 1633 2666 sic
1651 2613 1722 2665 V.
1741 2616 1984 2665 discendit
2001 2614 2144 2665 Ven.
2166 2613 2254 2665 alii
2280 2617 2507 2687 discedit.

1479 2693 1687 2746 Onm.
1714 2721 1781 2731 —
1814 2690 1881 2743 Et
1918 2692 1995 2745 sic
2029 2692 2255 2765 conjecit
2276 2692 2504 2747 Schrad.

1481 2772 1537 2823 in
1564 2769 1680 2823 sch.
1704 2788 1805 2823 nec
1830 2769 1962 2821 mihi
1994 2768 2221 2823 dubium
2246 2783 2354 2838 est,
2385 2774 2512 2825 scri-

1482 2847 1717 2902 bendum
1756 2867 1870 2901 esse
1907 2851 2129 2901 discedit.
2173 2850 2360 2902 Innnit
2398 2851 2511 2922 ipsa

1483 2928 1723 2991 Veneta,
1767 2946 1887 2999 quae
1931 2928 2172 2979 discendit
2220 2927 2378 2981 habet
2401 2969 2418 2995 ‚
2461 2941 2515 2981 et

1485 3008 1735 3079 frequens
1770 3004 1933 3078 hujus
1978 3003 2126 3057 verbi
2154 3024 2281 3060 usus
2306 3007 2513 3061 Avieno

1483 3086 1539 3139 in
1582 3084 1699 3157 pari
1740 3084 1995 3138 sententia
2033 3096 2125 3137 est.
2167 3087 2346 3139 Descr.
2381 3086 2514 3138 Orb.

1485 3186 1540 3218 v.
1584 3166 1719 3227 314:
1758 3190 1783 3209 «ι
1803 3164 1870 3214 At
1913 3180 2017 3235 qua
2064 3163 2317 3235 navigero
2363 3164 2518 3218 tellus

1488 3242 1709 3299 discedit
1747 3243 1815 3295 ab
1846 3254 1973 3297 astu
1996 3259 2055 3305 »ς
2092 3240 2224 3296 ibid.
2261 3261 2337 3296 vs.
2373 3244 2512 3314 370:

1501 3350 1523 3371 a
1558 3324 1682 3376 Pars
1742 3339 1861 3394 quae
1920 3338 2124 3393 cyaneo
2178 3319 2402 3375 discedit
2450 3325 2521 3377 ab

1840 3411 1892 3451 et
1926 3416 2081 3469 supra
2110 3417 2188 3452 vs.
2225 3399 2359 3469 549:
2400 3428 2426 3447 ι-
2451 3405 2519 3455 At

385 3480 662 3547 Damae),
687 3477 780 3551 qui
807 3477 861 3530 in
885 3476 1201 3532 Rhodanum
1223 3477 1412 3531 influit.
1497 3477 1761 3553 quidquid
1783 3478 1891 3550 agri
1917 3476 2058 3530 cedit
2078 3478 2184 3531 alto
2207 3496 2237 3531 a
2258 3481 2467 3553 gurgite
2478 3509 2519 3537 a.

457 3556 582 3610 615.
605 3560 847 3610 &bernice
862 3560 1012 3627 regib.
1043 3556 1110 3609 Et
1129 3556 1289 3632 hujus
1315 3576 1411 3611 no-

345 3665 362 3685 x
388 3653 511 3687 men
547 3635 675 3689 alibi
703 3655 816 3688 non
846 3638 1127 3709 reperitur,
1160 3649 1212 3690 et
1239 3638 1410 3709 profe·

388 3724 532 3765 ctum
553 3714 686 3767 illud
706 3732 736 3767 a
757 3730 923 3767 monte
950 3719 1080 3767 celso
1108 3718 1221 3787 ejus
1239 3718 1410 3769 nomi·

388 3790 502 3857 nis,
535 3810 660 3845 mox
705 3794 906 3849 indicat
953 3814 1030 3847 vs.
1075 3795 1194 3847 618.
1243 3792 1407 3860 Quod

389 3870 656 3924 recordari
681 3892 766 3925 me
797 3874 923 3927 facit
951 3874 1144 3926 montis
1177 3886 1227 3926 et
1262 3876 1408 3926 lacus

393 3953 570 4002 Cimini
615 3950 672 4002 in
721 3952 932 4005 Etruria
981 3952 1176 4019 Italiae,
1222 3972 1253 4007 a
1302 3970 1410 4025 quo

393 4030 556 4081 saltus
571 4032 795 4082 G'miedos
808 4042 860 4083 et
872 4034 1126 4083 Cimittiam
1141 4033 1410 4163 regionem

393 4129 584 4163 vocare
629 4112 799 4165 solent
839 4112 1134 4183 scriptores.
1153 4110 1276 4165 vid.
1301 4110 1414 4166 Cel-

1500 3558 1625 3613 vid.
1646 3569 1757 3611 not.
1784 3554 1853 3609 ad
1873 3576 1951 3609 vs.
1972 3556 2096 3621 483.

1571 3640 1693 3690 616.
1758 3640 1899 3689 Salso
1954 3640 2206 3707 adfluento
2249 3638 2387 3691 Ven.
2456 3660 2521 3691 ac

1485 3722 1679 3788 fluento
1706 3716 1775 3769 V.
1801 3720 1865 3767 ab
1887 3719 2085 3787 fluento
2132 3716 2338 3790 scripsit
2381 3720 2519 3772 Pith.

1496 3810 1552 3850 et
1608 3794 1775 3849 Huds.
1834 3814 1957 3867 qum
2005 3794 2297 3855 indubitata
2340 3798 2515 3852 lectio.

1496 3880 1689 3927 Salsum
1690 3880 1936 3947 fluentum
1953 3887 2107 3927 vocat
2120 3893 2279 3942 mare,
2288 3888 2347 3927 ut
2362 3897 2420 3930 su
2426 3897 2521 3950 pra

1508 3974 1558 4006 v
1574 3972 1706 4103 ἓξ.
1722 4038 1787 4085 Et
1808 4054 1842 4084 a
1871 4038 2044 4101 prisca
2090 4036 2217 4085 silvis
2264 4047 2523 4106 corrupte

1504 4114 1553 4163 V
1558 4132 1643 4166 en.
1696 4113 1928 4165 Pronum
1992 4126 2103 4165 erat
2150 4132 2405 4184 reponere
2456 4119 2519 4164 Ee
