2996 4685
495 378 631 471 278

1251 376 1334 439 R.
1391 374 1462 437 F.
1518 364 1860 436 AleNt

587 499 712 567 Hie
749 494 980 591 procul
1016 493 1250 563 Etnodi
1292 492 1420 561 late
1456 490 1592 559 ruit
1629 491 1870 581 aggere
1902 480 2181 559 montiS‚

581 610 664 675 Et
709 630 829 699 per
883 602 1176 697 prolixos
1215 616 1477 671 evectus
1513 599 1818 693 protinus
1854 584 2047 688 agros

589 716 834 806 Caspia
879 710 1187 807 propellit
1235 712 1440 779 fluctu
1491 710 1692 777 freta:
1734 728 1865 799 qua
1911 703 2081 798 perit
2128 698 2327 791 hujus

495 962 573 1025 xi,
603 972 861 1011 mutatum
900 959 1202 1031 reperiatur.
1231 956 1384 1009 Enim
1422 973 1507 1007 ve-

497 1058 556 1090 ro
586 1040 751 1091 ,Ianus
783 1036 1101 1091 Gebhardus
1145 1055 1200 1088 m
1235 1032 1504 1107 Crepund.

495 1118 590 1171 lib.
635 1119 741 1184 111,
779 1138 897 1189 cap.
932 1135 990 1187 7,
1028 1135 1084 1189 p.
1125 1134 1243 1179 iso,
1291 1114 1509 1167 verbum

495 1200 755 1261 dissicere,
778 1217 900 1251 cum
925 1195 1184 1250 similibus
1210 1198 1430 1247 emicet-e
1459 1204 1511 1243 et

487 1280 757 1347 prosicere,
779 1290 836 1331 ut
858 1278 1075 1330 verbum
1105 1276 1329 1347 probum
1357 1284 1408 1325 et
1429 1291 1513 1324 ca-

497 1375 676 1419 scum,
704 1352 854 1410 enixe'
873 1355 1136 1423 vindieat,
1157 1352 1321 1425 idque
1348 1350 1513 1424 pluri·

499 1438 596 1489 bus
623 1436 748 1489 locis
772 1449 1044 1509 poetarum
1059 1433 1516 1507 ,equibus,nem-

500 1534 566 1588 pe
586 1533 692 1569 nou
710 1515 1030 1569 intellectum
1044 1551 1061 1578 ,
1084 1511 1518 1577 exsulaverat,re-

497 1595 679 1649 stituit.
705 1599 877 1666 Atque
894 1593 984 1645 hic
1004 1592 1072 1645 ad
1097 1589 1517 1646 confirmandam

499 1674 808 1728 sententiam
843 1691 994 1725 suam
1021 1670 1258 1724 omnium
1290 1669 1519 1721 maxime

501 1754 694 1809 Avieni
715 1754 845 1807 locis
871 1752 950 1805 uti
971 1762 1176 1824 poterat
1195 1762 1247 1803 et
1265 1748 1488 1802 debebat
1505 1788 1520 1814 ,

501 1834 594 1907 qui
616 1833 856 1906 pluribus
875 1832 990 1885 aliis
1008 1830 1258 1903 exemplis
1279 1829 1521 1901 antiquo·

503 1932 624 1967 rum
671 1913 953 1965 verborum
1009 1908 1242 1965 studium
1299 1908 1519 1963 demon-

503 2003 655 2057 strat,
671 2005 830 2065 atque
845 1990 1004 2044 verbo
1021 1990 1209 2041 dissicit
1218 1999 1323 2041 tam
1343 1998 1523 2059 aperte

505 2083 911 2143 constanterque
937 2070 1122 2136 utitur,
1143 2080 1207 2121 ut
1230 2067 1406 2120 nullus
1433 2064 1524 2116 du·

503 2153 604 2205 bin
639 2150 722 2203 vel
757 2150 900 2202 falsa
937 2146 1177 2201 lectionis
1209 2157 1378 2199 metus
1415 2162 1525 2196 esse

507 2231 686 2303 possit.
707 2226 810 2281 Sed
829 2228 1082 2294 Avienus,
1107 2221 1252 2297 quod
1278 2224 1524 2293 iniquum

509 2313 621 2382 ejus
638 2307 806 2359 fatum
824 2304 924 2357 fuit
938 2342 952 2367 ,
977 2302 1157 2356 multis
1176 2300 1401 2356 eruditis
1421 2319 1527 2353 nou

509 2389 703 2450 lectus,
718 2403 827 2436 non
853 2385 993 2438 visus
1017 2394 1109 2436 est.
1125 2380 1267 2435 Wd.
1289 2413 1360 2420 —
1376 2383 1527 2432 Dissi-

511 2469 578 2517 cie
611 2470 737 2516 ocus
769 2463 965 2515 habent
1001 2461 1138 2514 Ven.
1183 2460 1349 2531 Cusp.
1389 2457 1529 2511 vad.

514 2575 582 2584 --
608 2542 859 2595 Excusat-i
885 2538 1099 2612 quidem
1133 2551 1353 2610 possunt
1379 2535 1527 2590 editt.

515 2625 607 2696 qui
642 2624 824 2692 disjicit
855 2619 1202 2674 adseruerunt
1221 2657 1236 2682 ,
1287 2637 1350 2671 eo
1389 2615 1532 2690 quod

513 2719 696 2756 versus
716 2701 866 2772 Virg.
890 2701 1011 2752 AEn.
1028 2697 1160 2762 vu,
1179 2698 1282 2766 339
1311 2714 1324 2750 ε
1365 2723 1391 2744 ιι
1417 2697 1536 2750 Dis-

511 2785 618 2858 jice
650 2781 996 2852 compositam
1023 2769 1211 2850 paeem
1231 2816 1248 2840 ‚
1287 2795 1402 2830 sere
1433 2777 1535 2828 eri·

519 2863 663 2914 mina
691 2858 856 2912 belli·-
893 2858 948 2911 in
985 2857 1115 2911 MSS
1152 2868 1204 2908 et
1239 2853 1446 2908 schedis
1483 2868 1537 2908 et

515 2940 710 3014 passim
737 2938 788 2989 in
808 2937 1080 2990 codicibus
1104 2933 1320 2987 vetustis
1337 2935 1537 3005 profer·

519 3034 638 3073 tur:
671 3045 696 3064 ι
717 3015 919 3070 Dissice
940 3052 955 3078 ,
985 3027 1086 3066 etc.
1115 3041 1160 3080 -ι,
1188 3033 1296 3066 non
1316 3015 1497 3082 Disjice
1517 3035 1535 3065 .-

517 3114 684 3171 quum
732 3095 993 3166 scriptura
1037 3094 1137 3146 ista
1185 3105 1305 3146 nata
1363 3093 1430 3146 sit
1475 3111 1537 3144 ex

520 3195 668 3230 more
693 3173 1028 3226 librariorum
1055 3171 1262 3224 literam
1283 3175 1302 3221 ἰ
1319 3188 1425 3223 non
1447 3189 1539 3242 ge·

521 3253 852 3308 minantium.
892 3249 1020 3304 Vid.
1062 3263 1174 3303 not.
1221 3249 1422 3304 Heinsii
1471 3249 1541 3303 ad

523 3335 672 3406 Vix-g.
695 3336 819 3386 AEn.
840 3333 890 3396 1,
910 3349 1007 3402 703
1043 3331 1160 3383 lieet
1183 3330 1404 3383 alterum
1427 3349 1545 3402 pro-

525 3417 652 3468 bare
693 3411 930 3466 videatur
967 3411 1132 3462 Gron.
1157 3407 1223 3461 ad
1263 3410 1545 3471 Senecam,

525 3497 835 3564 Agamemu.
856 3491 973 3556 195,
1000 3487 1088 3541 ubi
1115 3506 1232 3560 quae
1259 3487 1326 3540 de
1351 3487 1541 3540 Claud.

527 3573 763 3624 Puteano
782 3566 910 3621 dicit
917 3605 932 3631 ,
948 3567 1146 3620 videbis
1167 3567 1393 3638 amplius
1405 3566 1547 3638 apud

527 3651 746 3703 Gevart.
771 3647 864 3699 lib.
890 3647 965 3712 11,
997 3647 1160 3699 Elect.
1205 3653 1234 3710 4
1261 3687 1276 3713 ,
1313 3664 1428 3718 pag.
1455 3649 1547 3701 60,

527 3728 596 3782 de
629 3729 734 3781 hoc
763 3727 927 3780 verbo
965 3725 1321 3778 disserentem.
1357 3725 1423 3776 ln
1447 3723 1548 3774 hac

530 3819 703 3861 autem
749 3823 878 3859 voce
915 3804 1217 3875 duplicatur
1241 3825 1292 3866 s,
1339 3803 1464 3875 quia
1491 3803 1547 3854 in

531 3891 693 3939 Dae'se'ce
714 3885 882 3958 prima
909 3903 1014 3937 non
1043 3893 1212 3956 potest
1238 3882 1460 3954 corripi,
1491 3892 1550 3932 ut

531 3969 588 4019 in
616 3967 799 4026 adicit,
829 3967 972 4015 obicit
1003 3982 1100 4034 pro
1137 3961 1333 4034 adficit,
1366 3961 1550 4032 objicit

532 4057 582 4098 et
607 4043 877 4097 similibus.
907 4043 1022 4108 Qua
1051 4041 1118 4094 de
1143 4059 1199 4092 re
1226 4039 1344 4094 vide
1365 4039 1546 4093 adnot.

529 4125 598 4178 ad
622 4124 770 4177 Coesii
785 4121 1008 4176 Taurini
1033 4141 1083 4174 v.
1115 4121 1206 4186 15,
1232 4119 1345 4192 huj.
1374 4119 1549 4191 operis

1596 961 1723 1001 tom.
1746 948 1851 1013 111,
1872 966 1922 1017 p.
1945 946 2064 1013 317.
2086 943 2195 993 Nec
2222 937 2341 991 ideo
2354 934 2614 987 aWerns.

1597 1026 1849 1082 sententia
1889 1041 2034 1077 nunc
2075 1014 2433 1073 recedendum
2464 1022 2614 1083 puto.

1666 1110 1792 1177 926.
1816 1106 2021 1157 Hemodi
2036 1101 2200 1171 Cusp.
2214 1092 2418 1151 etVad.
2436 1092 2615 1143 Emodi

1598 1188 1739 1243 Pith.
1761 1198 1811 1239 et
1830 1182 2072 1241 Hudson.
2104 1178 2289 1235 melius
2311 1189 2438 1228 saue
2454 1210 2472 1239 ,
2492 1168 2619 1241 quia

1598 1266 1889 1337 Dionysius
1916 1258 2118 1332 upa-82³2
2142 1260 2244 1329 ὅρος
2267 1253 2443 1307 habet.
2463 1248 2563 1301 En.

1674 1349 1793 1416 928.
1814 1352 1925 1413 Qua
1950 1343 2079 1412 perit
2104 1342 2246 1409 liujus
2278 1331 2510 1387 numinis
2536 1346 2591 1377 os
2606 1362 2622 1389 ,

1602 1431 1699 1481 diri
1718 1430 1851 1495 ripas
1876 1424 2095 1476 habitant
2109 1426 2353 1471 laxas-ta.
2378 1408 2516 1463 Mire
2534 1403 2627 1456 hie

1606 1524 1785 1563 versus
1805 1506 1931 1557 vitio
1951 1503 2242 1574 primorum
2270 1492 2533 1547 editorum
2551 1487 2628 1539 la-

1606 1599 1812 1643 ceratus
1832 1585 2023 1636 fuerat.
2042 1581 2247 1633 Veneta
2270 1571 2443 1627 dedit:
2474 1596 2499 1617 α
2518 1584 2624 1639 qua

1603 1666 1739 1738 petit
1798 1664 1957 1736 hujus
2008 1656 2267 1715 Fluminis
2310 1648 2626 1718 osdibiripas

1608 1743 1847 1797 habitant
1872 1743 2123 1795 Auxantae
2148 1762 2189 1785 ι.
2228 1733 2403 1787 Prima
2440 1724 2627 1781 Pithoi

1612 1823 1774 1876 Paris.
1818 1821 1930 1876 hoec
1972 1816 2161 1889 repetit
2197 1823 2413 1882 excepto
2438 1806 2629 1860 ultimo

1608 1904 1823 1957 nomine
1844 1940 1862 1967 ,
1917 1898 2064 1972 quod
2121 1904 2354 1949 correcte
2405 1894 2632 1939 [αα-στω

1611 1982 1805 2037 scribit.
1850 1978 2093 2035 Secunda
2148 1972 2318 2046 Lugd.
2375 1980 2428 2021 et
2478 1964 2627 2019 tertia

1608 2064 1808 2133 (ἴομεν.
1829 2078 1949 2114 cum
1975 2056 2097 2111 edit.
2116 2052 2331 2107 Madrit.
2350 2065 2490 2121 aqua
2504 2042 2633 2117 petit

1610 2143 1769 2214 hujus
1796 2136 2052 2191 Fluminis
2087 2130 2295 2187 occidui
2321 2129 2493 2199 ripas,
2532 2124 2628 2175 ha-

1614 2222 1784 2275 bitant
1833 2220 2053 2272 Iaxarte
2082 2238 2127 2266 s.
2181 2206 2533 2281 cuspinianus
2580 2212 2631 2254 et

1619 2300 1893 2354 vadianus
1910 2296 2079 2351 multo
2096 2293 2245 2347 aliter
2262 2306 2277 2344 ε
2294 2314 2319 2335 ιι
2333 2283 2635 2356 deindeque

1618 2381 1719 2433 late
1739 2377 1994 2431 Fluminis
2014 2393 2134 2428 ecce
2155 2372 2297 2425 Sace
2315 2367 2457 2438 ripas
2482 2361 2635 2416 habi-

1619 2471 1735 2512 tant
1761 2461 1983 2512 Iaxarte
2006 2479 2044 2505 ι.
2064 2452 2133 2506 Hi
2154 2466 2343 2520 nempe
2367 2444 2635 2514 corrigunt

1620 2559 1650 2593 e
1691 2537 1947 2610 Dionysio
1963 2576 1978 2602 ,
2007 2533 2099 2607 qui
2139 2532 2383 2583 Iaxarten
2408 2541 2519 2577 non
2544 2539 2635 2594 po·

1620 2618 1807 2691 pulum
1827 2655 1842 2680 ‚
1883 2613 1975 2669 sed
2013 2612 2233 2666 fluvium
2254 2647 2268 2672 ‚
2295 2616 2348 2658 et
2374 2603 2532 2656 Sacas
2564 2599 2635 2653 ad

1620 2699 1733 2770 ejus
1767 2697 1959 2750 fluenta
1987 2693 2219 2746 wlentes
2248 2685 2378 2740 dicit
2396 2722 2412 2750 ,
2437 2680 2531 2736 sed
2556 2679 2634 2732 ni·

1621 2777 1787 2830 mium
1828 2772 2085 2828 recedunt
2118 2787 2149 2823 a
2182 2765 2412 2836 vestigiis
2455 2759 2637 2832 prima

1622 2856 1922 2927 scriptura,
1948 2863 2000 2906 et
2036 2851 2231 2904 frustra
2267 2845 2524 2898 Avienum
2568 2839 2638 2891 ab

1622 2953 1803 2988 errore
1824 2934 2046 2986 liberare
2072 2936 2355 2986 conantur,
2374 2921 2469 2994 qui
2491 2937 2521 2971 e
2540 2915 2637 2968 ssu-

1626 3017 1709 3070 vio
1728 3016 1935 3068 Iaxarte
1948 3010 2203 3082 populum
2220 3003 2344 3058 facit
2357 3042 2373 3069 ,
2386 2997 2639 3052 mendosa

1623 3098 1845 3149 fortasse
1875 3089 2073 3144 codicis
2110 3085 2191 3141 sui
2232 3083 2455 3138 lectione
2489 3077 2641 3132 dece-

1626 3185 1771 3246 ptus,
1790 3174 1844 3224 in
1865 3189 1974 3243 quo
1995 3168 2122 3238 legit
2146 3166 2308 3226 forte,
2330 3173 2420 3214 aut
2441 3157 2537 3211 sibi
2564 3156 2642 3209 le·

1628 3270 1751 3324 gere
1777 3251 1920 3305 visus
1960 3261 2063 3302 est:
2097 3251 2190 3298 Τοῦ
2217 3244 2300 3315 μὲν
2340 3231 2527 3310 (otoo)
2564 3236 2643 3288 ἐπὶ

1628 3336 1885 3402 προχοῇσιν
1913 3321 2143 3398 Ῐαξάρται
2160 3324 2432 3394 *topica-rai,
2454 3336 2503 3371 v.
2524 3324 2643 3388 749.

1636 3411 1802 3480 Magis
1852 3401 2245 3461 accommodata
2298 3401 2479 3472 prima
2526 3395 2649 3449 seri-

1632 3500 1803 3560 pturae
1820 3498 1896 3540 est
1923 3481 2221 3540 emendatio
2240 3477 2391 3531 vlitii
2410 3475 2478 3530 ad
2503 3474 2649 3528 Grat.

1635 3588 1691 3640 p.
1718 3573 1839 3631 144:
1865 3589 1889 3612 ι
1908 3583 2014 3636 qua
2044 3561 2179 3635 perit
2204 3559 2366 3632 hujus
2397 3553 2651 3608 Fluminis

1636 3664 1696 3699 os
1708 3685 1724 3712 ‚
1739 3645 1843 3698 diri
1862 3645 1997 3716 ripas
2013 3641 2259 3696 habitant·
2271 3639 2492 3690 Iaxarte
2514 3661 2539 3680 a
2550 3671 2565 3696 ‚
2585 3633 2650 3684 li·

1636 3734 1717 3777 eet
1736 3764 1753 3790 ‚
1790 3723 1905 3777 hoe
1939 3741 1970 3775 a
1996 3718 2235 3791 Dionysii
2279 3727 2455 3768 mente
2495 3713 2656 3784 longe

1638 3804 1838 3856 diversa
1862 3821 2000 3865 esse,
2029 3801 2271 3853 fateatur.
2292 3797 2446 3848 Hune
2464 3812 2656 3866 sequu-

1638 3897 1722 3937 tus
1741 3894 1818 3936 est
1840 3879 2142 3933 Hudsonus.
2158 3875 2459 3932 Witbofius
2480 3871 2654 3925 adbuc

1639 3960 1857 4014 mutavit
1898 3979 2019 4012 cum
2065 3956 2347 4010 Hudsono:
2392 3975 2490 4022 qua
2520 3965 2661 4020 patet

1639 4044 1779 4110 hujus
1818 4041 2047 4091 Fluminis
2087 4057 2167 4098 os,
2200 4035 2284 4088 vel
2317 4039 2481 4094 Meta,
2514 4037 2657 4082 Sacoe

1640 4124 1758 4182 diri,
1798 4132 1897 4172 etc.
1936 4114 2259 4172 Scliraderus
2294 4113 2520 4186 denique
2562 4111 2658 4164 ho-
