2996 4685
784 381 1411 448 DESCRIPTlo
1475 379 1780 447 ORBIS
1844 379 2220 446 TERRAE.

2437 401 2558 474 17!

532 497 845 571 Culmina
865 517 1331 596 consurgunt,
1368 515 1604 596 portus
1639 515 1834 570 cavat.
1867 525 1986 570 ora
2023 487 2420 596 frequentes.

531 609 881 704 Quidquid
922 627 1097 680 terra
1140 611 1389 682 dehinc
1428 610 1772 680 redeuntis
1807 610 2056 680 sufficit
2082 612 2244 681 anni

531 723 901 816 Tempore,
942 747 1077 818 prae
1117 725 1377 794 cunctis
1416 737 1686 818 stupeas
1725 724 2074 817 specieque
2109 723 2468 818 modoque.

533 833 739 902 Trina
778 831 926 903 loco
964 834 1147 905 frons
1182 851 1315 922 est,
1354 834 1467 904 sed
1505 833 1718 904 laxior
1747 859 1870 904 axe
1899 834 2159 921 Bootis,

534 947 715 1013 Luce
746 945 873 1014 sub
898 947 1038 1014 an
1074 946 1525 1033 constrictior,
1555 969 1766 1041 usque
1805 949 2068 1040 Syenen

435 1181 783 1255 adprobatam
828 1183 1003 1240 videas
1047 1205 1079 1240 ιι
1128 1186 1349 1241 Barthio
1392 1186 1462 1240 ad

435 1259 629 1318 Claud.
666 1283 787 1336 pag.
824 1267 923 1320 130
959 1265 1016 1318 b.
1049 1267 1145 1320 132
1178 1267 1233 1320 h.
1276 1267 1374 1321 152
1413 1285 1461 1318 a.

435 1340 517 1396 Ad
536 1343 691 1396 verba
713 1364 727 1398 :
750 1369 773 1390 ι
792 1363 971 1418 aspera
997 1364 1260 1420 nusquam
1278 1346 1463 1400 culmi-

435 1439 504 1474 na
523 1436 887 1496 consurgunt»
904 1465 921 1490 ,
941 1423 1066 1478 audi
1083 1425 1326 1494 inprimis
1344 1426 1459 1480 Cic.

434 1499 503 1557 de
525 1503 787 1570 Divin.1,
822 1523 873 1558 c.
900 1510 1011 1569 42:
1052 1505 1367 1580 -AEgyptii‚
1400 1518 1462 1559 ut

434 1577 741 1656 Babylonii,
761 1584 814 1636 in
835 1602 1153 1658 camporum
1166 1586 1463 1658 patentium

434 1663 736 1734 oequoribus
790 1663 1089 1719 habitantes
1114 1704 1132 1729 ,
1186 1683 1353 1737 quum
1402 1683 1463 1718 ex

434 1751 573 1796 terra
602 1743 737 1796 nihil
762 1744 1041 1809 emineret,
1059 1744 1205 1818 quod
1232 1757 1467 1798 conto--

434 1815 653 1889 phtioni
673 1821 789 1874 celi
810 1821 1029 1875 officoee
1045 1835 1239 1894 posset,
1249 1843 1465 1880 omnem

437 1915 621 1950 curam
666 1899 721 1952 in
758 1899 997 1954 siderum
1029 1903 1335 1974 cognitione
1372 1923 1465 1974 po·

435 1991 661 2032 suerunt
680 2003 727 2031 ·.
765 1979 906 2034 Hinc
938 1981 1129 2034 Noster
1161 1984 1271 2053 jam
1308 2001 1465 2054 supra

437 2073 489 2108 v.
508 2053 609 2125 339
626 2059 917 2132 AEgyptum
940 2061 1151 2115 vocavit
1172 2064 1439 2134 jacentem
1452 2101 1469 2129 ,

435 2135 560 2205 quie
588 2135 811 2192 collibus
836 2153 997 2192 calet.
1020 2139 1467 2209 Suum—Aspera

436 2233 679 2282 nusquam
712 2215 873 2289 Cusp.
894 2216 1029 2272 vad.
1057 2218 1193 2274 Pith.
1233 2219 1327 2274 sed
1366 2221 1465 2274 Ca-

437 2311 576 2347 mers
606 2291 677 2348 ad
703 2293 867 2353 Prisc.
892 2315 989 2353 ²21
1012 2297 1140 2373 legit
1165 2319 1461 2370 numquam,

435 2374 579 2447 qnod
608 2374 786 2431 minus
811 2378 1002 2451 probo.

508 2454 630 2509 361.
666 2463 847 2509 Portus
876 2474 1024 2511 came
1053 2480 1147 2511 om
1156 2462 1459 2529 frequentes.

437 2536 511 2588 V.
546 2535 709 2590 habet
726 2540 1032 2607 frequenter.
1058 2536 1308 2593 Schottus
1329 2538 1467 2614 hyp·

436 2614 644 2687 allngen
694 2634 809 2669 esse
873 2616 1051 2670 statuit
1070 2659 1087 2684 ‚
1145 2637 1245 2691 pro
1292 2635 1465 2687 porcus

420 2695 751 2763 frequentant
768 2717 925 2750 oram.
952 2696 1199 2752 Similiter
1222 2696 1357 2751 dixit
1372 2700 1466 2755 So-

436 2772 608 2842 linus,
642 2793 759 2849 cap.
794 2778 889 2849 39,
926 2796 978 2851 p.
1010 2784 1100 2847 49.
1136 2779 1199 2831 D.
1233 2804 1258 2824 οι
1279 2798 1466 2851 specus

436 2865 671 2908 montem
694 2868 847 2909 cavat
864 2882 907 2910 ι.
927 2856 995 2910 Et
1015 2857 1197 2909 Avien.
1224 2877 1299 2911 vs.
1324 2860 1462 2913 680:

440 2958 462 2979 ι
496 2932 656 2988 Lucis
690 2938 760 2991 ab
799 2949 989 2993 exortu
1017 2938 1332 3013 Pamphylia
1360 2958 1463 3013 qun

435 3025 585 3065 cavat
626 3027 809 3069 astum
860 3016 1191 3073 Prolabentis
1236 3036 1388 3092 aqua
1420 3044 1464 3073 -.

434 3090 601 3148 Scan.
614 3126 685 3137 --
697 3102 875 3149 Porcus
897 3113 1043 3149 cavae
1058 3100 1463 3167 omfrequentes.

436 3170 524 3224 Sic
558 3172 722 3245 Cnsp.
748 3173 889 3228 vad.
926 3175 1067 3229 Pith.
1113 3176 1209 3231 sed
1250 3178 1467 3232 Camers

438 3250 473 3303 Ι.
495 3269 541 3303 c.
569 3253 685 3305 vult
710 3269 857 3305 cavat
881 3258 1016 3307 unda
1020 3257 1325 3325 frequentes.

512 3327 635 3384 363.
679 3335 971 3401 Speciesquo
1019 3339 1265 3405 modoque
1315 3338 1457 3389 Ven.

437 3412 693 3479 spect’equo
737 3415 982 3480 modoque
1018 3414 1180 3487 Cusp.
1223 3426 1275 3469 et
1314 3415 1457 3468 Vad-

438 3487 515 3542 sic
550 3504 603 3543 et
640 3491 850 3546 codices
891 3492 1054 3547 Ortel.
1088 3508 1141 3547 et
1172 3495 1233 3547 A.
1266 3494 1462 3549 habere

440 3582 619 3624 monet
651 3571 883 3627 Schrad.
922 3590 1145 3647 eamque
1180 3574 1461 3627 lectionem

439 3666 545 3701 non
570 3650 920 3723 spernendam
954 3670 1066 3707 esse
1082 3690 1099 3715 ,
1126 3654 1253 3724 quia
1281 3668 1471 3722 stupere

438 3745 563 3781 cum
582 3730 744 3783 ablat.
766 3730 1013 3803 frequens
1027 3731 1111 3785 sit.
1130 3730 1237 3785 Sed
1252 3732 1469 3785 Camers

440 3804 510 3858 ad
554 3806 713 3861 Prisc.
752 3827 846 3863 221
885 3810 1106 3883 corrigit
1138 3830 1243 3879 μνη
1279 3816 1467 3863 cunctis

439 3900 657 3952 stupeas,
677 3891 961 3957 speciesque
982 3894 1268 3961 modosque.
1300 3890 1367 3943 Et
1390 3891 1468 3945 sic

440 3960 721 4019 ediderunt
744 3966 881 4021 Pith.
906 3980 959 4021 et
984 3968 1157 4022 Huds.

513 4042 633 4109 364.
664 4049 815 4097 nina
842 4052 951 4099 Ioco
973 4050 1129 4117 [νοω
1167 4064 1253 4102 ese.
1290 4050 1466 4104 Locus

439 4142 543 4195 pro
588 4136 723 4179 terra
742 4165 758 4190 ,
788 4126 873 4181 vel
902 4127 1121 4199 regione
1138 4169 1155 4197 ,
1195 4140 1254 4184 ut
1272 4129 1465 4203 Virgil.

2495 970 2574 1012 36⁵

1549 1189 1672 1240 AEn.
1699 1187 1744 1254 1,
1771 1189 1872 1242 530
1889 1205 1904 1240 ι
1921 1213 1948 1232 ι
1965 1188 2058 1240 Est
2073 1187 2244 1248 locus.
2265 1183 2574 1256 Hesperiam

1546 1265 1700 1320 Graii
1751 1267 2067 1338 cognomine
2112 1266 2298 1320 dicunt
2314 1291 2359 1319 a.
2404 1264 2575 1318 Frons

1547 1359 1726 1400 autem
1744 1387 1761 1414 ,
1793 1345 1940 1418 quod
1984 1347 2112 1401 alins
2167 1347 2332 1412 latus,
2385 1345 2569 1407 limes,

1548 1445 1732 1498 margo
1778 1424 1994 1480 dicitur.
2043 1427 2260 1500 Dionys.
2307 1431 2405 1490 ²4²
2427 1443 2441 1479 :
2489 1425 2573 1479 lari

1547 1515 1799 1579 πλιυρῇσι.
1821 1505 1986 1560 Prisc.
2013 1525 2147 1560 vers.
2173 1524 2303 1575 ²²9²
2336 1531 2363 1552 ιι
2383 1503 2577 1575 Margi·

1547 1585 1708 1639 nibus
1725 1587 1952 1640 laterum
1979 1587 2240 1640 formatur
2263 1597 2318 1640 nt
2333 1583 2574 1655 undique

1549 1667 1714 1720 ternis
1732 1692 1774 1720 υ.
1805 1667 1968 1734 Mela,
1996 1666 2090 1720 lib.
2115 1667 2164 1732 1,
2185 1665 2240 1730 3,
2272 1685 2362 1734 29,
2387 1663 2458 1718 de
2481 1663 2574 1716 Hi-

1549 1745 1768 1816 spania:
1791 1771 1813 1792 ι
1835 1746 1964 1800 Hoc
1986 1746 2044 1800 in
2061 1745 2392 1800 occidentem
2410 1785 2428 1810 ,
2451 1741 2573 1797 diu·

1550 1843 1655 1895 que
1667 1824 1828 1877 etiem
1843 1823 1914 1878 ad
1927 1826 2358 1898 septemtrionem
2377 1822 2576 1887 ,diver-

1551 1904 1622 1956 sis
1643 1903 1912 1957 frontibus
1933 1905 2102 1976 vergit
2121 1930 2162 1956 ιο.
2182 1907 2374 1956 Frontis
2393 1914 2444 1954 et
2461 1906 2579 1952 lacs-

1551 2001 1658 2033 rum
1687 2000 1819 2036 voce
1847 1981 2050 2036 Melam
2071 1981 2371 2053 promiscue
2390 1980 2464 2032 uti
2484 1978 2581 2033 do-

1550 2073 1634 2115 cet
1657 2061 1908 2116 Ciaccon.
1924 2060 1994 2116 ed
2015 2062 2142 2116 Mel.
2162 2062 2197 2114 1.
2217 2080 2265 2115 c.
2291 2061 2458 2116 scu.

1625 2140 1742 2195 365.
1759 2147 1887 2194 Luce
1901 2145 1990 2194 sub
2013 2147 2121 2194 Eoo
2141 2143 2463 2193 constrictior.
2479 2138 2578 2192 Pa-

1549 2220 1680 2272 riter
1725 2219 1967 2294 Dionysii
2003 2220 2190 2288 verba,
2222 2219 2357 2284 243:
2403 2221 2484 2284 ὀξὺ
2521 2215 2576 2272 δ’

1549 2303 1632 2357 ἅττ’
1647 2303 1721 2361 ἠῶ
1731 2337 1746 2365 ,
1769 2297 2067 2353 Priscianus
2080 2298 2354 2363 intellexit,
2371 2317 2426 2352 v.
2451 2297 2574 2353 231:

1548 2407 1576 2427 α
1589 2382 1682 2433 Ast
1699 2391 1848 2433 ortus
1865 2392 2084 2450 angusta
2105 2380 2236 2453 petit
2258 2404 2302 2431 ι.
2321 2376 2426 2431 Sed
2452 2374 2579 2429 1101·

1551 2472 1680 2515 sten.
1700 2459 1772 2515 ad
1799 2459 2022 2532 Dionys.
2042 2479 2092 2511 v.
2113 2458 2214 2513 332
2236 2479 2250 2513 ε
2283 2486 2308 2511 «ι
2332 2462 2452 2533 πρὸς
2480 2462 2576 2525 ἠῶ,

1548 2561 1734 2595 versus
1753 2540 2045 2593 meridiem.
2064 2540 2150 2595 Sic
2168 2553 2220 2594 et
2239 2560 2294 2595 v,
2321 2538 2422 2605 243
2442 2556 2458 2602 ;
2481 2558 2579 2593 un·

1549 2620 1620 2675 de
1638 2620 1860 2695 adparet
1884 2639 2009 2673 eum
2033 2622 2109 2681 ἤὸ
2132 2638 2244 2673 non
2272 2638 2368 2691 pro
2387 2618 2580 2671 Orien-

1550 2712 1627 2769 te,
1651 2700 1744 2754 sed
1770 2718 1873 2772 pro
1889 2699 2116 2753 Meridie
2141 2700 2405 2771 accipere.
2435 2694 2576 2750 Vide

1551 2778 1890 2835 Eustathium
1919 2778 1990 2833 ad
2021 2798 2074 2832 v.
2114 2778 2232 2842 243.
2275 2776 2578 2849 Utrobique

1551 2878 1782 2914 errorem
1809 2870 2105 2930 sequuntur
2133 2857 2363 2913 Avienus
2391 2869 2444 2910 et
2467 2856 2576 2909 Pri-

1549 2939 1759 2993 scianus
1778 2964 1799 2985 ι
1816 2977 1829 2989 .
1845 2938 2016 2991 Scnn.
2053 2938 2120 2991 In
2151 2937 2384 3009 margine
2413 2936 2576 2989 verba

1549 3017 1814 3071 Eustachii
1835 3017 2058 3090 protulit
2083 3016 2440 3079 Solu-adema
2464 3015 2579 3086 qui·

1550 3098 1652 3151 bus
1667 3098 1923 3170 opponit:
1945 3097 2034 3151 hic
2055 3115 2164 3149 non
2183 3096 2270 3168 agi
2295 3094 2362 3149 de
2390 3094 2540 3148 Delta
2559 3130 2577 3158 ,

1551 3176 1646 3231 sed
1688 3176 1758 3230 de
1803 3188 1913 3230 tota
1971 3180 2236 3247 AEgyptm
2293 3172 2580 3227 memorari

1551 3256 1694 3309 enim
1712 3255 1944 3309 Thebas.
1967 3255 2250 3309 Provocari
2268 3251 2484 3326 quidem
2508 3251 2576 3305 ad

1548 3335 1862 3389 Strabonem
1877 3371 1893 3396 ,
1917 3335 1968 3401 1,
1990 3354 2042 3407 p.
2073 3336 2160 3403 59,
2185 3345 2237 3386 et
2263 3334 2314 3385 X
2331 3370 2346 3397 ,
2369 3352 2425 3404 p.
2449 3336 2578 3403 697,

1548 3415 1660 3469 loca
1676 3414 1835 3467 Hom.
1849 3412 1998 3466 Iliad.
2009 3412 2140 3478 xn,
2151 3424 2202 3465 et
2209 3410 2580 3485 Odyss.xxl1‚

1557 3511 1678 3565 191,
1703 3494 1758 3546 in
1783 3492 1926 3546 hunc
1949 3490 2170 3545 modum
2193 3492 2389 3563 pariter
2414 3493 2579 3565 expli·

1551 3586 1780 3627 centem.
1807 3570 1909 3626 Sed
1935 3572 2028 3625 has
2054 3571 2154 3623 sibi
2179 3590 2347 3643 nugas
2377 3570 2578 3627 videri:

1559 3672 1666 3707 non
1693 3652 1967 3706 Strabonis
1991 3651 2476 3724 interpretationem
2498 3670 2582 3704 es-

1557 3751 1614 3785 se
1633 3770 1649 3795 ,
1671 3730 1762 3785 sed
1781 3730 2090 3785 Aristarchi.
2109 3731 2399 3803 significari
2425 3732 2482 3784 in
2507 3732 2585 3785 lo-

1557 3812 1632 3864 cis
1667 3810 1778 3864 citt.
1813 3810 2030 3865 Homeri
2075 3810 2210 3863 nihil
2256 3810 2402 3864 alind
2421 3849 2440 3875 ‚
2480 3811 2584 3865 nisi

1555 3890 1828 3943 Orientem
1846 3900 1896 3943 et
1914 3888 2277 3944 Occidentem.
2291 3890 2358 3943 Et
2373 3891 2447 3943 sic
2465 3889 2583 3961 qui·

1556 3968 1679 4023 dem
1708 3969 1894 4023 Avieni
1915 3988 2155 4023 caussam
2179 3967 2586 4023 adversus-Hol-

1554 4051 1782 4105 stenium
1794 4050 1960 4105 tuitus
1969 4062 2045 4105 est
2057 4050 2583 4107 Schraderuavvm.

1554 4131 1718 4185 Conf.
1753 4150 1876 4204 qum
1913 4149 2012 4184 nos
2041 4130 2274 4184 diximus
2309 4130 2380 4185 ad
2421 4129 2584 4183 Prisc.
