2996 4685
504 299 597 371 80
919 301 1051 367 DE
1112 299 1383 368 RUFO
1446 299 1758 368 FESTO
1822 299 2248 394 AVIENO

678 540 794 605 IV.
841 537 1437 604 LUITPRANDUS
1479 538 1549 602 in
1595 537 1995 602 Adversariis
2012 586 2031 619 ,
2082 523 2267 602 num.
2314 541 2461 616 204.

594 723 711 811 Vir
741 744 1150 810 doctissimus
1178 743 1535 842 Flavianus,
1564 741 1647 806 ad
1674 765 1869 830 quem
1892 742 2149 830 scripsit
2179 740 2613 831 Symmachus
2628 789 2649 823 ,

511 865 578 916 et
614 851 722 916 cui
759 851 1086 939 inscripsit
1124 849 1354 914 Festus
1393 849 1607 913 Rufus
1648 847 1936 912 Avienus
1978 845 2222 912 librum
2264 845 2347 911 de
2388 846 2607 912 stellis
2628 895 2649 934 ,

509 957 696 1024 floret
724 957 848 1023 sub
885 954 1262 1021 Theodosio
1285 1002 1302 1036 ,
1348 969 1468 1018 etc.
1493 992 1501 1002 ·

1197 1173 1507 1239 IBIDEM
1523 1221 1541 1253 ,
1575 1196 1755 1237 num.
1789 1171 1938 1237 205.

603 1383 785 1448 Obiit
812 1381 1021 1446 Rufus
1049 1381 1280 1446 Festus
1312 1382 1599 1447 Avienus
1614 1431 1633 1464 ‚
1668 1383 1767 1446 vir
1794 1381 2149 1446 catholicus
2184 1397 2251 1445 et
2286 1380 2654 1467 Hispanus,

515 1489 668 1554 civis
707 1487 1054 1552 Eborensis
1071 1535 1089 1570 ,
1134 1486 1203 1550 in
1248 1487 1571 1576 Hispaniae
1616 1486 1999 1576 Carpetania
2018 1534 2037 1568 ,
2084 1482 2317 1550 eodem
2356 1507 2531 1550 anno
2578 1501 2655 1550 et

515 1593 622 1660 die
643 1642 664 1677 ,
716 1616 850 1683 quo
903 1607 1165 1659 sanctus
1210 1593 1616 1684 Augustinus
1667 1592 2004 1658 adscendit
2057 1591 2140 1656 ad
2183 1592 2371 1656 caelos
2415 1583 2483 1655 in
2530 1614 2651 1656 sua

516 1700 792 1764 civitate.
829 1698 1134 1786 Sepultus
1171 1715 1269 1762 est
1312 1714 1631 1787 praesente
1663 1697 2023 1776 Maioriano
2040 1745 2058 1779 ,
2086 1696 2405 1761 Toletano
2428 1697 2658 1760 Archi-

517 1805 824 1894 episcopo
843 1852 862 1885 ,
899 1805 970 1868 in
999 1802 1137 1867 aede
1161 1803 1226 1868 S.
1255 1802 1609 1868 Leucadiae.

687 1978 809 2032 Haec
844 1977 959 2032 loca
1000 1976 1192 2050 Luitpr
1192 1975 1319 2030 andi
1361 1995 1460 2032 con
1427 1975 1619 2042 n,ficta
1669 1995 1777 2029 una
1804 1994 1995 2029 cuma
1966 1975 2071 2029 alio
2114 1975 2276 2030 simili
2308 1972 2661 2028 Pseudo-Ma-

759 2067 884 2120 ximi
930 2067 1010 2136 (in
1055 2065 1201 2120 Chro
1201 2065 1323 2118 nioc
1362 2064 1433 2118 ad
1480 2083 1605 2118 ann.
1646 2067 1778 2132 460,
1810 2082 1960 2117 ιιιιιιι.
1998 2067 2085 2132 4),
2122 2063 2403 2135 exagitate
2373 2075 2425 2116 et
2458 2063 2659 2116 refutat

771 2153 870 2207 Nic
875 2153 1216 2219 ‚Antoniu,s
1243 2153 1382 2205 Bibl.
1403 2151 1957 2224 mnisp.1ih.,‹:11
1928 2169 2247 2224 ca.P9,.1p
2224 2155 2321 2206 16
2294 2151 2657 2224 aseq.Nobis

765 2239 938 2293 visum
963 2252 1046 2292 est
1074 2259 1165 2305 ea,
1203 2239 1416 2342 quamvi
1419 2257 1444 2292 s
1478 2257 1511 2292 e
1548 2239 1732 2342 spurio
1770 2253 1875 2294 est
1850 2240 2125 2312 supposito
2151 2239 2288 2293 libro
2314 2239 2505 2312 petita,
2548 2239 2656 2293 hoc

768 2328 888 2383 loeo
912 2348 1196 2430 reponere,
1233 2329 1356 2400 quia
1381 2347 1541 2402 snpra
1574 2329 1631 2382 in
1667 2329 1975 2401 prefatione
2014 2339 2195 2384 nosatr
2226 2327 2453 2383 subinde
2484 2326 2554 2382 ad
2590 2346 2659 2381 ea·

767 2434 978 2497 riespex
957 2416 1111 2469 imus.

734 2650 812 2713 V.
861 2649 1098 2714 PETR.
1133 2650 1575 2731 CRINITUS,
1618 2648 1700 2713 de
1732 2650 1948 2713 Poetis
1985 2650 2123 2713 Lat.
2164 2672 2303 2737 cap.
2337 2648 2443 2735 78.

507 2932 514 2939 ,
617 2865 823 2929 Rufus
871 2865 1100 2929 Festus
1144 2865 1430 2929 Avienus
1454 2911 1473 2946 ,
1531 2880 1723 2955 poeta
1781 2863 2076 2929 eruditus
2126 2880 2193 2929 et
2242 2866 2499 2957 elegans
2542 2872 2669 2955 ‘per

526 2970 748 3036 eadem
778 2986 1070 3058 tempora
1101 2968 1322 3035 floruit
1339 3018 1358 3053 ,
1383 2970 1621 3059 quibus
1646 2974 1806 3036 Caes.
1838 2972 2277 3037 Diocletianus
2302 2973 2660 3062 Imperator

526 3094 623 3143 est
653 3075 1048 3167 adpellatus:
1084 3100 1229 3166 quae
1263 3100 1365 3141 res
1405 3101 1613 3165 quum
1655 3077 1875 3142 multis
1925 3077 2059 3142 aliis
2092 3080 2487 3169 argumentis
2528 3080 2664 3143 col·

525 3184 767 3273 ligitur,
807 3198 948 3247 tum
987 3204 1066 3248 ex
1105 3181 1585 3248 commentariis
1622 3181 1754 3248 divi
1790 3182 2206 3273 Hieronymi,
2256 3184 2369 3273 qui
2388 3234 2407 3269 ,
2450 3207 2657 3272 quum

524 3290 814 3377 loquitur
835 3290 917 3354 de
940 3289 1116 3355 Arati
1142 3286 1599 3353 Phaenomenis
1616 3337 1635 3372 ,
1679 3290 2002 3354 Avienum
2039 3291 2237 3354 refert
2269 3290 2486 3378 paullo
2510 3306 2661 3355 ante

525 3396 596 3458 in
619 3397 891 3460 latinum
920 3418 996 3460 ea
1021 3394 1417 3459 convertisse
1433 3441 1452 3476 ,
1504 3410 1653 3484 post
1681 3394 1773 3459 M.
1790 3394 2078 3459 Tullium
2108 3410 2303 3483 atque
2326 3396 2663 3460 Germani·

505 3523 703 3565 cum.
741 3498 1026 3582 Quidam
1064 3515 1299 3587 putant
1341 3498 1528 3563 illum
1570 3498 1769 3563 fuisse
1812 3520 2045 3589 genere
2082 3500 2500 3588 Hispanum:
2546 3500 2665 3567 sed

529 3606 660 3669 hoc
694 3605 854 3668 mihi
889 3625 1024 3667 non
1069 3606 1217 3669 satis
1255 3620 1665 3693 compertum
1707 3621 1805 3669 est
1844 3606 1913 3669 in
1950 3620 2127 3670 tanta
2159 3628 2381 3670 rerum
2420 3606 2665 3671 obscu-

530 3710 738 3774 ritate.
775 3708 945 3772 Illud
993 3707 1256 3773 minime
1292 3709 1571 3773 dubium
1604 3727 1742 3793 est,
1800 3733 1953 3775 eum
1996 3734 2229 3801 magna
2265 3712 2557 3777 doctrina
2588 3736 2670 3777 ac

533 3814 874 3902 multiplici
898 3835 1114 3876 rerum
1145 3816 1407 3881 scientia
1431 3817 1819 3904 praestitisse.
1842 3819 2009 3884 Nam
2031 3834 2262 3906 praeter
2283 3839 2450 3907 opus
2464 3820 2667 3901 Arati,

536 3942 670 4009 quo
697 3918 1038 3983 maximam
1062 3918 1317 3985 laudem
1351 3920 1623 4011 adeptus
1647 3940 1778 4006 est,
1806 3922 2179 4013 composuit
2198 3924 2391 3988 etiam
2422 3923 2664 3989 librum

537 4025 620 4091 de
664 4024 822 4090 orbe
867 4040 1181 4091 terrarum
1229 4027 1329 4091 his
1372 4030 1663 4094 versibus
1682 4078 1701 4111 ‚
1736 4052 1901 4117 quos
1946 4047 2182 4095 vocant
2218 4029 2625 4096 hexametros
2647 4079 2675 4117 ,
