2996 4685
729 407 863 474 AD
915 403 1264 472 DESCR.
1307 405 1607 472 oRms
1658 355 2031 474 ‘TERRAE
2312 405 2451 478 385

317 529 470 593 dem
507 530 802 616 Dryopes
840 526 996 589 olim
1035 524 1372 588 Thessaliae
1409 523 1488 588 ad
1534 524 1917 611 Sperchium
1958 523 2021 590 fl.
2063 525 2456 592 habitatores

316 629 768 720 perhibentur,
801 650 838 690 a
865 625 1182 690 Strabone
1209 624 1552 712 Epirotici,
1580 623 1912 712 quondam
1940 641 2158 689 autem
2186 626 2269 690 ab
2297 628 2462 692 Her-²

319 732 474 796 cule
487 729 638 794 victi
665 744 730 792 et
761 727 1042 816 Apollini
1065 725 1284 790 devoti
1316 723 1543 812 (quod
1566 725 1842 812 amplius
1868 726 2133 812 exponit
2163 727 2458 816 Heynius

319 836 368 896 1.
398 830 503 918 c.).
537 830 948 917 Agaclytum,
983 827 1098 916 qui
1119 849 1243 916 pro
1267 827 1707 915 Hyperborei-s
1734 828 1800 890 in
1833 849 2068 916 genere
2099 847 2459 918 ponuntur,

321 932 621 996 existimo
643 930 1023 993 remotiores
1047 951 1339 1017 quasque
1367 929 1742 994 Graecorum
1769 930 2057 994 colonias
2084 934 2463 1020 complecti,

323 1032 644 1121 siquidem
669 1054 804 1095 non
825 1029 1023 1095 modo
1045 1030 1112 1093 in
1137 1029 1408 1094 Thracia
1427 1046 1495 1092 et
1513 1030 1667 1093 Asia
1688 1029 1765 1094 ad
1788 1029 2075 1096 Pontum
2100 1033 2463 1118 Euxinum,

323 1134 442 1201 sed
465 1136 624 1200 etin
654 1132 996 1214 Colchide,
1022 1133 1295 1196 Taurica
1310 1181 1329 1212 ,
1355 1132 1696 1208 Sarmatia,
1722 1132 1981 1221 Scythia
2007 1132 2091 1198 ad
2114 1136 2464 1224 Borysthe-

325 1258 479 1299 nem
517 1250 584 1300 et
620 1235 892 1298 Tanaim
927 1233 1120 1296 urbes
1161 1257 1201 1296 a
1248 1233 1485 1297 Graecis
1532 1232 1849 1297 habitatas
1888 1235 2087 1300 fuisse
2105 1285 2121 1313 ‚
2168 1237 2465 1325 pluribus

326 1335 669 1424 exemplis,
697 1352 774 1399 ut
800 1333 1242 1399 Dioscuriadis
1261 1384 1277 1416 ,
1311 1334 1761 1423 Phanagoria»,
1785 1335 2265 1419 Hermonassae‚
2295 1339 2465 1403 Pan-

326 1438 572 1526 ticapoei
591 1486 610 1518 ,
659 1434 1146 1524 Borysthenidis
1196 1451 1450 1499 constat
1469 1482 1488 1518 ,
1534 1453 1599 1498 et
1646 1436 2225 1523 Hyperboreorum
2274 1451 2465 1518 θεωρίαι

328 1563 443 1604 seu
493 1537 844 1627 legationes
886 1535 968 1601 ad
1021 1537 1236 1600 Delios
1287 1537 1436 1600 satis
1489 1552 1661 1599 notae
1707 1551 1881 1600 sunt.
1934 1537 2055 1600 Alii
2105 1557 2309 1627 poetae
2360 1563 2465 1604 eas

328 1655 550 1730 gentes
603 1639 915 1728 primitias
967 1637 1236 1727 frugum
1283 1637 1366 1702 ad
1415 1660 1589 1702 sacra
1637 1637 1929 1702 solennia
1975 1638 2347 1728 adportasse
2395 1645 2463 1706 in

330 1741 604 1805 insulam
650 1755 1047 1819 memorant,
1094 1754 1161 1802 et
1199 1739 1266 1801 in
1307 1739 1434 1802 hoc
1478 1738 1730 1802 solenni
1770 1737 2195 1804 describendo
2234 1759 2468 1830 praeter
2500 1821 2504 1824 ι

331 1859 596 1906 caeteros
633 1842 939 1929 copiosus
991 1856 1088 1904 est
1123 1839 1582 1920 CallimachuS,
1626 1840 1869 1926 Hymn.
1922 1841 1988 1902 in
2044 1842 2182 1904 Del.
2232 1865 2292 1905 v.
2341 1843 2467 1929 278

333 1965 512 2030 seqq.
553 1941 679 2007 Sed
709 1965 791 2005 an
844 1942 972 2005 hoc
1005 1941 1436 2029 primitiarum
1479 1940 1749 2004 solenne
1796 1940 1971 2005 idem
2019 1941 2128 2024 sit,
2172 1965 2247 2006 ac
2288 1943 2469 2030 quod

333 2043 638 2133 Virgilius
668 2058 734 2106 et
766 2043 1048 2107 Avienus
1085 2040 1488 2123 describunt,
1522 2041 1607 2104 de
1640 2065 1719 2104 eo
1756 2040 1972 2106 adhuc
2008 2041 2263 2107 dubito.
2299 2045 2467 2110 Nam

334 2146 388 2210 si
428 2145 595 2208 veris
643 2143 830 2207 initio
879 2142 1278 2206 celebratum
1325 2158 1423 2206 est
1443 2190 1462 2223 ,
1510 2143 1808 2230 primitiae
1848 2145 2111 2232 frugum
2162 2162 2337 2208 certe
2389 2169 2469 2208 eo

330 2264 624 2335 tempore
652 2244 873 2308 adesse
902 2266 1036 2306 non
1063 2259 1441 2332 potuerunt.
1477 2243 1633 2306 ῥύσια
1662 2243 1927 2331 quidem
1961 2245 2313 2334 Dionysius
2342 2269 2473 2310 me-

334 2363 576 2429 morat,
607 2362 940 2434 tamquam
971 2366 1242 2407 munera
1279 2345 1629 2433 gratiarum
1676 2368 1896 2409 caussa
1939 2346 2153 2410 oblata
2194 2348 2333 2412 Deo
2352 2396 2387 2429 ‚.
2408 2364 2474 2413 et

332 2450 616 2513 Avienus
672 2448 802 2511 hoc
845 2445 1021 2510 idem
1075 2444 1432 2533 exprimere
1487 2444 1749 2509 videtur
1786 2460 2119 2533 gratorum
2171 2450 2438 2514 nomine
2455 2500 2472 2531 ,

335 2572 500 2635 quos
533 2548 692 2611 dicit
719 2571 794 2610 ea
808 2546 996 2631 festa
1023 2546 1236 2609 ludere
1283 2545 1645 2633 (siquidem
1681 2548 2033 2636 genuinam
2070 2572 2209 2613 esse
2247 2550 2473 2615 lectio-

337 2671 488 2711 nem
525 2648 902 2726 statuimus,
935 2668 1130 2733 quam
1158 2644 1339 2709 dedit
1377 2645 1773 2711 Schraderus
1792 2647 1839 2735 ).
1874 2648 1997 2712 Sed
2036 2659 2179 2729 ῥύσια
2210 2649 2293 2713 de
2328 2652 2475 2736 qui-

335 2749 554 2813 busvis
585 2747 898 2829 donariis,
926 2762 1039 2809 aut
1063 2745 1601 2835 gratulationibus
1635 2748 1837 2835 accipi
1866 2765 2167 2836 possunt,
2186 2766 2251 2813 et
2277 2751 2347 2812 in
2372 2751 2475 2815 his

336 2850 510 2937 ipsos
548 2870 686 2913 esse
725 2847 960 2911 choros
1008 2846 1295 2933 Apollini
1335 2860 1513 2910 actos
1558 2848 1777 2912 innuit
1815 2849 2183 2937 Dionysius.
2232 2853 2477 2915 Contra

335 2950 762 3014 Callimachus
789 2948 1024 3015 diserte
1053 2946 1389 3035 praedicat,
1412 2948 1725 3035 primitias
1756 2973 1878 3038 pro
1911 2949 2177 3015 decimis
2200 2968 2483 3041 quotan-

338 3051 439 3113 nis
471 3052 538 3114 in
577 3050 852 3114 insulam
886 3050 1128 3114 Delum
1161 3072 1199 3112 a
1228 3048 1456 3113 vicinis
1485 3051 1883 3137 remotisque
1915 3052 2219 3141 gentibus
2254 3055 2477 3119 missas

339 3174 498 3215 esse.
542 3152 768 3215 Paullo
803 3165 955 3240 post
988 3150 1160 3215 idem
1202 3149 1577 3239 explicatius
1615 3161 1841 3233 καλάμην
1887 3160 1971 3215 καὶ
2014 3163 2119 3233 ῑιρὰ
2164 3160 2444 3237 δράγματα
2463 3199 2481 3227 ,

341 3252 682 3339 stipulam,
713 3252 814 3316 vel
850 3254 1102 3318 culmos
1145 3268 1208 3316 et
1241 3275 1458 3317 sacros
1493 3253 1859 3341 manipulos
1896 3253 2146 3317 oblatos
2188 3254 2378 3336 dicit,
2418 3272 2485 3318 et

340 3352 550 3417 Latini
580 3352 922 3441 scriptores
959 3353 1236 3417 subinde
1245 3352 1468 3440 fasces
1497 3356 1833 3440 mergitum
1872 3354 2214 3417 nominant
2255 3354 2474 3440 (conf.

342 3454 689 3545 Spanhem.
724 3452 806 3517 ad
829 3453 1076 3517 Gallim.
1112 3454 1252 3518 Del.
1291 3476 1350 3517 v.
1391 3454 1517 3519 283
1538 3454 1585 3540 ).
1624 3453 1879 3536 Quibus
1915 3474 2069 3515 sane
2102 3453 2481 3519 nominibus

342 3578 478 3620 non
502 3553 620 3618 alia
636 3602 655 3635 ,
683 3552 805 3617 nisi
830 3554 1128 3641 primitiae
1151 3554 1418 3643 frugum
1443 3570 1509 3617 et
1529 3570 1965 3642 proventuum
1991 3570 2176 3618 terrae
2202 3572 2481 3643 possunt

342 3656 643 3746 intelligi,
673 3676 818 3742 quae
839 3654 1006 3718 veris
1027 3654 1212 3719 initio
1238 3678 1372 3719 non
1397 3656 1746 3720 habentur.
1782 3656 1864 3718 Et
1886 3678 2277 3744 quamquam
2311 3680 2481 3723 non-

344 3757 506 3822 nulli
558 3756 904 3844 scriptores
957 3778 1092 3819 non
1113 3754 1395 3845 frugum
1445 3755 1562 3821 sed
1597 3778 1919 3820 sacrorum
1958 3756 2301 3842 primitiaS,
2343 3768 2483 3841 ἱιρῦν

343 3866 608 3937 ἀπαρχὰς,
638 3856 876 3922 adlatas
896 3874 1261 3921 memorant
1277 3906 1296 3937 ,
1320 3878 1450 3946 qua
1477 3856 1907 3945 adpellatione
1936 3858 2309 3946 generatim‘
2324 3882 2482 3949 pro·

343 3958 547 4033 fidas,
582 3958 714 4023 sive
729 3974 941 4047 partes
958 3958 1220 4039 hostiae,
1245 3958 1497 4047 stipulis
1523 3958 1787 4021 triticeis
1809 3958 2049 4022 involvi
2076 3975 2143 4023 et
2168 3961 2481 4025 occultari

345 4060 563 4124 solitas
579 4107 596 4140 ‚
629 4059 1070 4151 intelligendas
1091 4083 1229 4125 esse
1245 4109 1263 4142 ,
1289 4060 1548 4125 monuit
1570 4062 1635 4123 in
1664 4060 1885 4125 Exere.
1916 4060 2081 4124 Plin.
2106 4061 2480 4139 Salmasius,

349 4183 424 4225 ex
452 4183 663 4249 eoque
689 4162 1122 4250 Spanhemius
1153 4163 1194 4226 l.
1231 4186 1284 4227 c.
1319 4156 1513 4227 nemo
1547 4178 1797 4247 tamen,
1827 4177 2144 4251 quantum
2180 4158 2485 4249 equidem

594 4264 676 4333 V.
2106 4259 2193 4330 25
