2996 4685
443 334 582 409 328

1209 340 1291 406 R.
1344 338 1413 405 F.
1465 340 1815 408 AVIENI

639 462 780 529 Nec
821 456 1093 552 procul,
1135 456 1395 528 adtollit
1426 484 1560 553 qua
1597 486 1665 529 se
1702 460 1862 530 facis
1904 460 2103 529 ardor
2137 462 2322 546 ane,

541 568 875 681 Iflurimus
911 568 1268 664 Euphratae
1307 584 1535 639 manat
1567 569 1829 664 liquor:
1867 572 1989 640 iste
2027 569 2230 639 feroci

443 778 498 819 et
543 768 666 817 citus
715 784 919 833 oequora
960 767 1120 833 Tigris
1135 785 1157 825 ‚-
1193 761 1249 816 id
1295 782 1460 817 unum

439 857 618 899 tamen
647 846 785 899 forte
809 864 919 899 non
940 843 1184 898 retinebit
1202 843 1431 898 criticos
1446 884 1461 910 ,

441 926 537 1000 qui
573 926 802 998 cogitent
819 967 836 993 ,
859 926 1011 979 toties
1061 924 1116 977 id
1161 924 1230 977 ab
1262 924 1464 978 Avieno

441 1006 653 1078 negligi.
679 1006 840 1059 Scan.

519 1085 668 1138 1156.
693 1083 776 1137 Ad
800 1084 968 1137 verba
989 1084 1135 1152 facis
1161 1086 1314 1135 ardor
1334 1086 1459 1133 an.-

444 1167 589 1219 cons.
612 1184 685 1218 vs.
711 1164 809 1230 54,
832 1166 952 1234 768.

521 1263 543 1297 1
557 1262 580 1297 1
589 1244 669 1314 57.
689 1247 928 1296 Plurimus
940 1243 1164 1311 Rufi-aea·
1176 1242 1314 1293 Ven.
1328 1236 1462 1291 Pith.

446 1326 712 1393 Eupltmtoe
746 1322 915 1394 Cusp.
951 1322 1212 1388 Euphratis
1251 1317 1464 1389 corrigit

445 1404 663 1456 Camers
681 1399 750 1454 ad
773 1401 936 1454 Prisc.
956 1418 1054 1471 911
1076 1440 1093 1467 ,
1111 1416 1270 1472 quem
1293 1396 1465 1468 sequi-

441 1494 530 1535 tur
541 1480 679 1535 vad.
697 1479 789 1534 sed
809 1484 1073 1549 Euphraeae
1089 1476 1286 1549 recepit
1298 1473 1464 1529 Huds.

441 1574 498 1615 et
520 1573 698 1615 tuetur
724 1558 942 1613 Schrad.
981 1591 1050 1598 -
1083 1561 1375 1627 Euphratae,
1407 1566 1466 1607 ut

445 1647 649 1703 Orestae,
669 1644 900 1705 Pyladae,
918 1640 1208 1699 Philoctocae,
1231 1640 1464 1701 Thyestoe,

443 1724 716 1773 Alcibiadoe
729 1762 746 1787 ,
775 1724 944 1787 (ἔνεον.
973 1718 1196 1773 Salmas.
1217 1713 1284 1770 ad
1299 1714 1466 1768 Solin.

441 1820 496 1873 p.
517 1802 645 1868 295,
671 1820 722 1853 a.
750 1799 820 1853 G.
852 1798 1030 1851 Heius.
1057 1795 1127 1851 ad
1154 1795 1313 1850 ovid.
1341 1795 1465 1847 Her.

443 1880 608 1943 VIII,
636 1900 689 1950 9.
716 1885 898 1931 Manat
919 1882 1106 1946 liquor.-
1119 1876 1196 1930 sic
1214 1878 1464 1948 np.Prop.

445 1960 472 2011 1
488 1997 507 2023 ,
549 1963 613 2023 6,
657 1960 756 2013 32:
797 1985 824 2005 ιι
845 1956 1018 2029 Lydia
1061 1955 1265 2010 Pactoli
1313 1953 1467 2025 tingit

445 2051 590 2092 aram
615 2039 790 2111 liquor
801 2064 843 2090 ιι.
884 2038 1048 2091 Scan..
1072 2066 1144 2076 -
1161 2038 1466 2103 Euphrates,

444 2118 538 2189 qui
563 2136 710 2170 nunc
749 2122 870 2169 Frae
907 2114 1104 2166 dicitur
1143 2113 1340 2167 accolis
1355 2154 1372 2183 ,
1411 2113 1468 2166 in

441 2195 638 2269 Majori
661 2193 910 2249 Armenia
935 2210 1149 2245 exorsus
1163 2234 1178 2259 ,
1200 2192 1354 2246 initio
1371 2199 1466 2257 137-

446 2278 636 2327 xit-ates
681 2274 990 2327 nominatur
1033 2288 1047 2322 ε
1097 2270 1192 2325 ubi
1228 2270 1468 2324 Taurum

445 2366 812 2407 occurrentem
852 2351 1126 2423 irrumpit,
1168 2354 1337 2402 Omc'm
1354 2390 1372 2412 ,
1418 2362 1471 2403 et

447 2453 571 2487 mox
595 2433 690 2486 uhi
707 2431 988 2505 perfregit,
1012 2433 1297 2500 Euphrates.
1333 2429 1470 2482 Inde

449 2515 578 2567 leva
623 2509 1060 2584 Mesopotamiam
1080 2551 1096 2576 ,
1127 2509 1336 2563 dextera
1373 2510 1472 2583 Sy-

443 2593 598 2659 riam,
615 2593 864 2647 Arabiam
880 2631 897 2658 ,
917 2588 1370 2663 Babyloniamque
1385 2609 1473 2645 ra·

449 2674 600 2740 dens,
624 2673 680 2726 in
704 2673 885 2746 plures
911 2671 1092 2724 alveos
1115 2668 1468 2742 dispergitur;

446 2773 680 2828 quornm
725 2772 836 2806 nno
867 2750 1163 2807 Seleuciam
1191 2761 1244 2804 et
1267 2751 1470 2823 Tigrim

451 2835 615 2908 petit;
655 2835 849 2899 altero,
882 2833 978 2905 qui
1015 2831 1217 2903 Regius
1258 2830 1473 2898 dicitur,

451 2913 776 2985 Babylonem
803 2929 1078 2982 permeans
1093 2951 1110 2978 ,
1139 2912 1208 2965 ‘in
1249 2911 1474 2984 paludes

451 2989 770 3047 Chaldaicas
779 2989 1110 3056 distrahitur3
1125 3001 1476 3045 transvectus-

449 3091 574 3146 que,
583 3070 858 3146 quondam
873 3089 968 3122 suo
981 3089 1076 3122 ore
1093 3070 1150 3122 in
1171 3089 1316 3123 mare
1335 3070 1476 3123 evol-

454 3153 709 3206 vebatur:
753 3160 936 3222 postea
985 3167 1116 3202 vero
1165 3149 1234 3202 ab
1281 3149 1477 3203 accolis

453 3251 606 3306 agros
652 3229 950 3304 rigantibus
999 3227 1318 3300 proclusus,
1362 3248 1472 3282 non

453 3313 554 3366 nisi
591 3330 689 3384 per
713 3310 918 3381 Tigrim
954 3307 1180 3361 delatus.
1218 3308 1476 3362 Increscit

455 3391 564 3445 Nili
584 3389 766 3452 modo,
783 3389 927 3442 statis
941 3387 1219 3455 diebus,ac
1233 3387 1476 3462 Mesopo-

453 3471 671 3527 tamiam
707 3468 954 3522 inundat.
983 3467 1156 3539 Tigris
1203 3486 1328 3522 vero
1349 3508 1364 3535 ,
1405 3467 1474 3520 de

458 3567 568 3622 quo
594 3548 735 3602 iufra
748 3586 765 3612 ,
779 3549 836 3600 in
855 3547 1044 3621 majori
1059 3562 1276 3620 quoque
1295 3548 1476 3600 Arme·

458 3631 550 3684 nia
569 3628 766 3692 oritur3
786 3645 890 3700 qua
911 3623 1114 3680 tardior
1133 3625 1252 3680 fluit
1271 3630 1474 3695 Diglito,

457 3709 599 3764 unde
633 3706 929 3761 concitatur
962 3724 995 3759 a
1019 3706 1285 3760 celeritate
1315 3711 1475 3777 Tigris

459 3791 556 3860 (ita
581 3785 846 3858 adpellant
875 3783 1024 3837 Medi
1050 3785 1317 3856 sagittam)
1349 3788 1480 3840 inci·

457 3871 536 3944 pit
562 3866 764 3923 vocari.
785 3864 932 3918 Citra
955 3863 1244 3918 Seleuciam
1279 3865 1480 3921 divisus

459 3954 518 4007 in
543 3950 680 4005 duos
703 3946 882 4000 alveos
899 3943 1128 3998 insulam
1143 3945 1306 3998 efficit
1331 3945 1477 3999 haud

459 4029 758 4093 modicam,
795 4043 958 4098 quam
995 4045 1047 4079 v.
1087 4025 1249 4089 1182,
1288 4024 1478 4079 Noster

453 4121 786 4166 Inter-mem
831 4115 996 4160 vocnt.
1026 4100 1134 4156 Ubi
1173 4121 1478 4158 remeavere

1552 784 1724 839 aqua,
1738 765 2005 837 Pasitigris
2018 764 2333 837 adpellatur,
2346 780 2573 836 moxque

1552 845 1608 897 in
1640 846 1786 900 lacus
1811 844 2126 900 Chaldaicos
2150 863 2276 899 cum
2300 843 2571 916 Euphrate

1551 944 1606 978 se
1624 924 1829 990 fundit3
1847 924 1972 978 inde
1988 935 2138 978 vasto
2153 926 2307 978 alveo
2326 921 2573 993 profusus

1548 1005 1779 1059 infertur
1802 1006 1941 1059 mari
1964 1004 2190 1059 Persico.
2214 1004 2390 1057 En.—-
2401 1004 2579 1054 Feroci

1534 1086 1687 1153 fissus
1708 1090 1773 1137 ab
1795 1090 2029 1139 Armenio
2050 1087 2381 1156 Cusp.semet'
2398 1092 2571 1135 Arme-

1551 1167 1638 1217 m‘a
1652 1166 1799 1221 Cam.
1818 1166 1856 1219 l.
1885 1185 1932 1219 c.
1956 1164 2095 1219 vad.
2113 1165 2250 1219 Pith.
2275 1164 2444 1217 Huds.
2469 1162 2573 1217 Sed

1552 1244 1641 1298 hic
1658 1246 1715 1299 in
1734 1243 1871 1299 Add.
1888 1246 1961 1299 ait
1973 1263 1988 1299 ε
2002 1246 2184 1300 Potius
2186 1248 2361 1315 feraci
2373 1265 2394 1295 .·
2411 1260 2575 1316 quam

1554 1330 1910 1400 conjecturam
1948 1327 2107 1379 etiam
2130 1325 2320 1379 habuit
2335 1322 2574 1378 Withof.

1552 1436 1625 1446 --
1669 1412 1771 1457 Iste
1802 1408 1974 1475 fimet*
2014 1410 2163 1457 Fusus
2208 1408 2272 1455 ab
2311 1404 2573 1456 Armenia.

1554 1482 1659 1536 Alii
1676 1484 1963 1555 proferunt
1966 1488 2155 1553 firaci.
2178 1483 2243 1535 Et
2260 1481 2333 1535 sic
2352 1482 2577 1535 Saunaz.

1554 1562 1623 1617 de
1648 1575 1783 1634 part.
1804 1565 1955 1634 Virg.
1988 1564 2072 1627 11,
2102 1568 2231 1617 126:
2266 1580 2457 1633 -regna
2486 1560 2574 1612 illa

1554 1643 1741 1696 feracis
1756 1643 2020 1696 Armenia
2032 1668 2076 1696 n.
2103 1644 2241 1697 Sane
2266 1640 2581 1713 Dionysius,

1554 1740 1630 1775 vs.
1664 1740 1822 1775 1001:
1856 1724 2061 1794 λιπαρὴν
2098 1722 2246 1790 χθόνα.
2283 1720 2577 1773 ναιετάουσιν

1555 1794 1720 1876 Ᾰνέρις
1742 1794 1976 1876 Ᾰρμίίνιοι.
2018 1800 2209 1857 Claud.
2255 1802 2430 1873 Epigr.
2474 1821 2541 1854 ao
2558 1842 2577 1865 ,

1558 1884 1588 1937 ⁵
1607 1922 1624 1948 ,
1642 1883 1711 1936 de
1733 1884 1919 1955 Equo:
1948 1909 1975 1929 κ
1992 1883 2116 1937 Sive
2142 1882 2293 1935 illum
2318 1880 2578 1934 Armeniis

1558 1964 1804 2017 aluerunt
1820 1963 2059 2035 gramina
2073 1962 2327 2033 campis».
2346 1962 2581 2014 Interce-

1558 2042 1638 2095 dit
1669 2042 1747 2094 vir
1779 2039 1968 2095 doctus
1994 2039 2457 2112 (Oudendorpium
2481 2057 2580 2110 pu-

1556 2124 1635 2187 to)
1665 2121 1758 2193 qui
1794 2122 1849 2174 in
1885 2121 2016 2174 obs.
2066 2121 2214 2173 Misc.
2242 2122 2270 2173 1
2292 2160 2306 2185 ‚
2356 2138 2407 2190 p.
2436 2118 2574 2188 376:

1557 2199 1801 2253 «Oddius
1823 2200 2039 2272 corrigit
2039 2202 2231 2269 finci,-
2250 2198 2342 2251 sed
2360 2199 2446 2251 vix
2466 2216 2580 2251 cre·

1557 2277 1783 2334 diderim
1823 2291 2091 2334 auctorem
2126 2292 2309 2353 aperte
2350 2279 2579 2332 voluisse

1558 2360 1920 2414 contradicere
1944 2359 2234 2434 Dionysio:
2255 2350 2399 2430 Ᾰριος
2424 2355 2473 2410 ιῦ
2498 2355 2579 2410 δι-

1560 2436 1762 2501 &aava
1780 2441 1973 2495 Statius
1987 2481 2003 2507 ,
2021 2441 2145 2494 silv.
2167 2441 2220 2505 1,
2241 2446 2272 2503 4
2292 2479 2307 2504 ,
2331 2456 2431 2509 79:
2458 2456 2579 2490 «ar-

1560 2539 1733 2593 cuque
1756 2519 2021 2575 horrenda
2048 2520 2225 2591 fugaci
2251 2519 2540 2572 Anne-nia·
2562 2535 2579 2582 ς

1559 2610 1614 2653 et
1634 2601 1705 2666 V,
1727 2619 1755 2652 α
1772 2640 1789 2666 ,
1809 2606 1906 2662 4οε
1931 2598 2105 2666 «Qun
2138 2611 2374 2668 suspecta
2412 2596 2545 2650 fides
2562 2635 2579 2662 ,

1561 2691 1652 2733 aut
1660 2696 1778 2750 quo
1797 2678 1921 2750 suga
1934 2697 2061 2732 vera
2079 2678 2269 2730 ferocis
2280 2677 2517 2730 Armenii
2532 2701 2578 2729 ιν.

1561 2754 1723 2810 Addit
1732 2758 2023 2811 Burmann.
2058 2781 2081 2804 ο
2095 2757 2281 2828 Neque
2306 2774 2403 2828 ego
2419 2755 2581 2810 medo

1544 2837 1775 2905 feracem
1800 2835 2101 2889 Armeniam
2129 2849 2275 2890 recte
2301 2834 2438 2902 dici,
2462 2852 2581 2908 qun

1562 2933 1809 2988 magnam
1830 2927 2037 2986 partem
2056 2915 2275 2968 horrida
2286 2928 2578 2982 ,montana,

1562 3008 1618 3047 et
1658 2993 1856 3066 frigore
1896 3005 1947 3045 et
1991 2993 2111 3046 nive
2154 2993 2347 3046 infesta
2382 3005 2461 3046 est
2478 3031 2495 3056 ,
2523 3005 2583 3046 ut

1564 3074 1673 3144 ipse
1692 3070 1938 3145 Xenoph.
1954 3072 2044 3126 lih.
2064 3063 2306 3126 Πλναὸ.
2328 3093 2381 3144 ρ.
2406 3074 2507 3144 ³²7
2530 3083 2584 3126 et

1566 3153 1689 3222 329·
1710 3177 1732 3199 ι
1754 3152 1867 3224 Ego
1880 3193 1895 3216 ,
1917 3153 1961 3205 si
1974 3153 2236 3224 legeretur
2231 3153 2426 3221 feraci,
2448 3153 2582 3205 forte

1562 3251 1673 3286 non
1714 3245 1975 3285 mutarem
1990 3251 2007 3297 3
2024 3251 2170 3286 nunc
2214 3231 2317 3285 alia
2363 3249 2447 3284 res
2487 3245 2580 3286 est.

1562 3312 1701 3366 Nota
1741 3323 1915 3365 tamen
1929 3351 1945 3377 ,
1966 3311 2276 3382 Euphraten
2317 3310 2481 3365 fluere
2512 3313 2583 3365 ab

1562 3392 1812 3445 Armenia
1834 3393 2064 3464 majore,
2087 3410 2207 3463 quo
2233 3389 2420 3462 frigida
2438 3430 2455 3456 ,
2483 3409 2583 3444 nec

1562 3472 1728 3525 ferax.
1750 3470 1931 3524 Minor
1970 3481 2149 3524 contra
2190 3468 2388 3533 mitior,
2428 3468 2587 3523 mulis

1561 3549 1838 3623 gignendis
1882 3563 2020 3622 apta.
2071 3549 2323 3603 Michael.
2372 3549 2467 3621 Sp.
2516 3549 2583 3602 G.

1566 3648 1684 3701 pag.
1710 3631 1795 3701 78.
1825 3631 1995 3701 Igitur
2001 3631 2173 3700 semei
2197 3629 2331 3683 forte
2356 3639 2581 3700 prestat.

1566 3709 1982 3781 Frigidissimam
2006 3727 2119 3762 esse
2139 3719 2403 3762 testantur
2423 3708 2587 3760 etiarn

1567 3788 1798 3841 Wessel.
1826 3785 1895 3842 ad
1922 3791 2115 3841 Anton.
2156 3789 2280 3840 Itin.
2316 3807 2436 3860 pag.
2467 3791 2584 3839 ²16.

1566 3867 1904 3922 Tournefort.
1924 3867 2167 3921 Itinerar.
2186 3868 2266 3921 111
2280 3906 2295 3928 ,
2319 3885 2437 3939 pag.
2466 3869 2581 3927 106,

1574 3965 1693 4018 107,
1726 3965 1846 4018 1¹7·
1866 3947 2029 4000 Scan.
2049 3979 2117 3988 -
2139 3945 2279 4000 vide
2295 3987 2312 4012 ‚
2339 3966 2405 3999 an
2419 3947 2591 4014 fimet·

1566 4028 1743 4098 potius
1768 4026 2197 4101 conjungendum
2228 4029 2295 4081 sit
2326 4045 2451 4081 cum
2486 4045 2585 4076 ara·

1566 4121 1661 4168 tro,
1716 4119 1773 4159 ut
1826 4106 1974 4162 ferox
2036 4120 2247 4162 antrum
2294 4106 2440 4160 fluvii
2492 4103 2589 4168 sit,
