2996 4685
736 428 1348 513 DESCRIPTIO
1399 425 1703 496 ORBIS
1756 426 2130 493 TERRAE.

2377 422 2509 494 165

471 550 554 619 Ηὶ
602 547 797 619 celeri
836 549 1074 619 molles
1109 562 1394 619 currunt
1433 546 1601 641 pede
1640 572 1903 641 semper
1936 562 2205 631 arena‘5‚

471 662 612 727 Nec.
652 674 872 728 tamen
916 660 1254 754 impressae
1291 656 1609 749 linquunt
1644 658 1920 753 vestigia
1966 658 2229 751 plantae.

474 769 756 838 Eminus
791 768 1110 838 evolvunt
1145 767 1305 836 hinc
1338 790 1478 834 sese
1518 768 1794 862 pinguia
1830 768 1967 838 Nili

473 876 823 964 Flumina,
869 893 936 947 et
979 877 1218 947 intenti
1265 874 1643 970 prolabitur
1676 880 1961 971 aequoris
2006 880 2203 949 unda.

2438 905 2523 944 335

475 988 604 1057 Hic
639 1013 772 1082 qua
807 990 1072 1059 secretis
1111 986 1346 1056 incidit
1383 984 1663 1054 flexibus
1698 1011 1929 1082 agrmx,

375 1236 604 1302 Manilii,
623 1241 726 1304 IV,
747 1261 848 1312 717
867 1261 880 1294 ε
901 1264 928 1287 ιι
941 1241 1189 1314 Asperior
1205 1238 1401 1293 solido'a

375 1318 632 1391 Hispania
651 1322 918 1378 contrahit
939 1335 1086 1376 artus
1103 1346 1124 1368 ι
1138 1362 1151 1375 .

449 1398 568 1451 332.
600 1404 666 1452 Hi
685 1404 834 1453 celeri
855 1408 1024 1457 molles
1055 1415 1257 1453 cumane
1275 1402 1402 1469 pede

373 1498 564 1546 semper
585 1501 784 1534 mnas.
821 1482 1020 1536 Mirum
1056 1483 1111 1535 ni
1159 1481 1402 1534 manibus

373 1558 550 1627 potius
572 1600 586 1625 ,
620 1580 782 1633 quam
832 1563 1060 1635 pedibus
1106 1572 1400 1615 currerent.

375 1636 476 1690 Sed
535 1638 808 1710 epitheton
855 1642 1053 1715 pedum
1109 1642 1180 1694 ab
1233 1642 1402 1695 altero

375 1718 557 1786 paullo
586 1719 912 1791 elegantiore
933 1735 986 1775 et
1003 1724 1075 1774 ob
1094 1724 1199 1775 hoc
1219 1742 1405 1776 corru-

373 1796 548 1865 ptiore
601 1798 914 1871 deglutitum
976 1814 1072 1855 est.
1117 1800 1356 1855 Emenda
1385 1822 1399 1855 τ

379 1899 404 1917 -
426 1875 494 1927 Hi
533 1878 694 1931 celeri
735 1882 952 1936 emolleu
997 1894 1223 1934 currunt
1264 1880 1402 1953 pede

378 1970 588 2026 semper
605 1975 792 2011 arenae
809 1981 853 2011 a.
881 1966 1081 2031 Arensis
1107 1979 1300 2011 currere
1327 1972 1403 2011 est

381 2032 532 2104 Virg.
550 2040 634 2089 ΛΕ.
650 2038 757 2099 111,
780 2056 872 2107 191
892 2058 905 2091 ε
931 2065 957 2084 ιι
973 2041 1122 2092 trabe
1139 2039 1404 2092 currimus

379 2130 560 2184 aequor
575 2142 616 2169 n.
642 2118 777 2169 Cum
806 2118 1044 2183 ejusdem
1075 2119 1368 2172 imitatione
1387 2160 1402 2184 ‚

377 2195 471 2264 qui
493 2200 694 2249 edurum
721 2218 824 2269 pro
842 2197 997 2253 valde
1022 2199 1182 2265 duro,
1206 2200 1290 2252 vel
1311 2200 1404 2252 Ju-

375 2272 468 2326 nio
509 2275 796 2350 Pelarguro
845 2290 976 2331 teste
1025 2279 1300 2350 usurpavit
1347 2280 1400 2331 in

377 2355 668 2428 Georgicis,
683 2385 707 2404 α
723 2359 938 2413 οωοῑΙοο
956 2378 1144 2414 arenas
1156 2388 1180 2408 .
1199 2358 1404 2414 erudite

373 2434 654 2506 adpellavit
673 2439 924 2492 Avienus.
952 2440 1100 2494 Talia
1120 2441 1286 2493 multa
1312 2440 1404 2493 hio

374 2518 830 2584 proestantissimuu
853 2533 1038 2592 poeta,
1062 2520 1264 2594 sepulta
1291 2520 1402 2573 fere

261 2651 272 2658 ,
375 2594 578 2649 inscitia
604 2597 936 2652 librariorum
965 2612 1020 2653 et
1047 2599 1402 2673 typographo-

373 2693 514 2729 rum.
541 2681 744 2730 Emollis
779 2691 946 2732 exstat
975 2680 1120 2751 apud
1151 2678 1283 2732 Rad.
1309 2682 1402 2731 Ar—

374 2753 616 2810 dentinm
641 2776 888 2813 sermone
912 2761 966 2813 in
994 2759 1207 2812 Domin.
1236 2777 1257 2810 1
1283 2770 1402 2830 post

374 2835 568 2888 Trinit.
583 2849 680 2890 etc.
697 2839 1041 2893 Barim—Et
1059 2857 1242 2891 vocem
1261 2841 1403 2889 emol-

374 2917 434 2965 Iis
458 2933 488 2967 e
505 2913 708 2970 Barthii
723 2915 945 2972 Advers.
967 2919 1021 2970 in
1037 2916 1199 2970 Thes.
1221 2915 1403 2969 retulit

374 2994 535 3047 Gem.
563 2995 678 3067 Ego
697 3016 827 3050 vero
857 3015 1040 3050 vocem
1069 2997 1234 3049 Poeta
1265 2995 1400 3048 indi-

374 3090 534 3142 gnam
591 3077 800 3146 penitus
841 3076 1182 3151 rejiciendam
1237 3089 1370 3149 puto
1385 3116 1400 3141 ,

376 3153 586 3223 vulgata
595 3174 752 3226 mque
772 3159 930 3211 unice
947 3157 1282 3212 servandam.
1311 3157 1402 3210 Et-

375 3233 522 3284 enim
539 3235 753 3287 «monis
772 3255 926 3290 arena
946 3277 961 3303 ,
985 3237 1170 3289 molles
1189 3255 1360 3290 arena
1375 3263 1400 3283 n

376 3313 573 3365 centies
626 3329 944 3379 occurrunt;
991 3320 1178 3368 emollis
1223 3328 1400 3369 autem

375 3410 477 3445 vox
499 3404 577 3446 est
599 3391 822 3446 barbara
848 3408 902 3447 et
930 3396 1132 3448 Avieno
1159 3393 1396 3466 indigna.

379 3475 533 3524 Celeri
555 3485 732 3525 tamen
749 3510 764 3535 ‚
788 3491 884 3542 pro
901 3479 1107 3533 celeres,
1143 3475 1400 3546 recipien-

375 3553 506 3604 dum
527 3594 540 3618 ‚
575 3555 832 3624 probante
855 3571 918 3606 ac
941 3553 1188 3606 firmante
1217 3557 1398 3608 Ambr.

378 3643 429 3683 et
452 3632 526 3683 sic
551 3635 884 3704 conjecerant
915 3635 1090 3684 Anon.
1127 3645 1180 3685 et
1213 3632 1399 3688 Heius.

377 3711 594 3764 AdverS.
619 3733 671 3784 p.
697 3720 816 3777 ²04.
846 3715 1006 3766 Scan.
1028 3743 1098 3752 —-
1131 3715 1198 3764 112·
1220 3717 1402 3766 celeres

377 3797 546 3843 molles
575 3794 717 3845 Ven.
752 3791 894 3844 Pith.
925 3791 1017 3844 sed
1059 3794 1208 3843 celeri
1229 3797 1402 3845 molles

377 3871 599 3940 Cuspin.
622 3885 674 3924 et
697 3872 924 3924 Vadian.
947 3869 1400 3941 quemadmodum

374 3962 551 4021 postea
587 3950 833 4004 Heinsius
871 3963 922 4003 et
956 3950 1248 4004 Huduonus
1281 3971 1402 4004 cor-

376 4041 640 4081 rexerunt.
686 4031 964 4096 Bai-thius,
999 4028 1275 4082 Adversar.
1313 4032 1400 4085 lib.

377 4110 618 4162 XXVIII
640 4149 656 4175 ,
681 4129 794 4180 cap.
821 4114 912 4172 16,
945 4122 998 4162 et
1029 4109 1266 4180 Ablegm.
1297 4111 1398 4175 IV,

385 4207 447 4255 19
465 4225 482 4250 ,
511 4193 689 4242 celeres
723 4193 920 4241 emolles
957 4189 1125 4242 voluit
1144 4227 1159 4253 ,
1187 4185 1242 4241 id
1277 4207 1402 4242 vero

1487 1241 1805 1296 vocabulum
1850 1244 2117 1317 improbat
2170 1244 2517 1299 Schraderus.

1562 1318 1681 1372 333.
1702 1327 1807 1372 Nec
1826 1336 1989 1373 tamen
2018 1327 2265 1393 impressa·
2288 1328 2521 1393 linquunt

1488 1404 1701 1469 vestigia
1734 1406 1945 1470 planae.
1984 1403 2179 1455 Contra
2223 1424 2297 1456 vs.
2347 1404 2513 1458 1033:

1491 1506 1516 1525 ‹-
1541 1480 1923 1553 Impresaaeeque
1960 1483 2073 1534 solo
2111 1483 2261 1554 liquit
2302 1486 2515 1556 vestigia

1489 1560 1649 1611 calcis
1674 1584 1719 1611 n.
1756 1561 1937 1613 Utitur
1972 1572 2147 1614 autem
2184 1575 2367 1616 nostro
2396 1564 2519 1617 lo'co

1488 1640 1651 1692 Drak.
1690 1639 1758 1693 ad
1794 1640 1886 1692 Sil.
1926 1641 2039 1705 111,
2079 1638 2201 1693 306.
2241 1642 2405 1695 Scan.
2447 1676 2517 1685 —

1489 1718 1741 1773 Formula
1794 1740 1851 1772 ea
1911 1720 2081 1792 poetis
2129 1721 2404 1775 familiaris
2448 1720 2517 1775 ad

1487 1798 1870 1871 designandam
1891 1818 2149 1853 summam
2170 1802 2516 1855 velocitatem.

1488 1878 1679 1950 virgil.
1702 1880 1896 1951 Geor-g.
1928 1882 2038 1945 111,
2074 1882 2171 1949 195
2190 1918 2205 1943 ,
2238 1880 2306 1933 de
2335 1900 2477 1952 equo
2502 1899 2514 1931 :

1487 1983 1515 2003 e·
1538 1977 1633 2027 per
1672 1974 1852 2030 aperta
1887 1960 2100 2027 volana,
2128 1978 2225 2013 ceu
2252 1960 2390 2013 liber
2422 1961 2515 2013 ha·

1489 2039 1658 2106 benis,
1680 2043 1939 2113 AEquora‚
1963 2041 2049 2093 vix
2076 2058 2284 2093 summa
2308 2039 2521 2111 vestigia

1489 2130 1653 2191 ponat
1688 2138 1847 2173 arena
1866 2146 1909 2171 n.
1952 2120 2135 2175 Latius
2172 2118 2230 2172 id
2268 2118 2522 2173 deacribit

1489 2202 1613 2251 AEn.
1638 2200 1744 2252 vn
1766 2238 1779 2261 ,
1826 2200 1928 2253 808
1954 2219 1968 2250 ε
2020 2226 2044 2245 κ
2074 2198 2173 2252 Illa
2197 2199 2283 2252 vel
2310 2198 2523 2253 intacta

1487 2280 1677 2352 uegetis
1708 2298 1804 2352 per
1835 2296 2037 2331 summa
2078 2279 2279 2331 volaret
2304 2277 2517 2331 Grami-

1489 2378 1589 2424 na,
1631 2379 1729 2413 nec
1754 2371 1959 2412 teneras
1988 2379 2147 2412 cursu
2177 2359 2392 2412 lenisset
2418 2359 2521 2412 ari-

1487 2451 1595 2492 stas
1612 2466 1652 2489 n.
1682 2442 1726 2491 A
1757 2439 1985 2500 Graecis,
2012 2441 2248 2492 Homero
2280 2450 2329 2492 et
2366 2437 2520 2509 Apol·

1485 2518 1633 2572 lonio
1650 2559 1664 2584 ,
1688 2537 1802 2571 eam
1832 2520 2283 2591 comparationem
2308 2518 2522 2572 fluxisse

1486 2598 1715 2653 ostendit
1766 2600 2005 2672 Heynius
2043 2602 2111 2650 V.
2149 2599 2209 2651 C.
2260 2597 2329 2650 ad
2379 2598 2416 2652 l.
2466 2617 2519 2651 c.

1488 2679 1735 2732 Imitatur
1774 2680 1965 2743 Silius,
2012 2679 2179 2742 XIII,
2216 2681 2349 2748 3273
2386 2678 2519 2731 Stat.

1484 2759 1767 2823 Theb.v1,
1790 2759 1895 2811 638
1916 2777 1929 2812 :
1964 2757 2242 2812 Claudian-
2263 2759 2343 2809 1v
2362 2759 2526 2811 Cous.

1487 2837 1743 2902 Honorii‚
1775 2837 1912 2906 5475
1944 2837 2035 2889 ubi
2072 2836 2195 2888 vide
2230 2849 2346 2890 not.
2384 2849 2521 2890 nost.

1487 2915 1617 2969 edit.
1643 2929 1773 2968 tom.
1797 2917 1854 2978 1,
1884 2936 1938 2988 p.
1968 2918 2087 2970 310.
2122 2917 2230 2968 En.

1563 2995 1684 3049 335.
1713 3000 1779 3046 Ee
1801 3000 1979 3054 intenti
1999 2997 2277 3064 prolabitur
2308 3001 2533 3063 oequoris·

1489 3079 1647 3127 unda.
1676 3076 1753 3127 Am
1789 3080 2030 3128 extenti?
2064 3069 2235 3127 Hune.
2274 3075 2515 3128 Minime.

1488 3155 1687 3217 Poeta,
1730 3175 1805 3207 vs.
1848 3156 1953 3209 506
1987 3174 2000 3207 ε
2059 3180 2079 3198 ·
2114 3152 2286 3206 donec
2329 3154 2523 3206 Sicana

1487 3233 1685 3288 fluenta
1718 3225 2007 3287 Int'endant
2032 3234 2249 3304 pelagus
2268 3249 2325 3293 »3
2364 3245 2416 3284 et
2445 3251 2525 3285 ve.

1492 3315 1597 3368 5²:
1632 3341 1657 3358 κ
1682 3317 1804 3378 Qua
1851 3332 1905 3366 se
1942 3310 2141 3365 blanda
2183 3311 2309 3362 satis
2352 3311 2525 3363 inten-

1489 3395 1623 3446 dunt
1662 3393 1823 3446 flabra
1864 3392 2065 3446 Favoni
2082 3417 2121 3442 a.
2154 3389 2238 3441 Cf.
2273 3389 2523 3443 Oudend.

1491 3475 1646 3526 Misc.
1674 3474 1807 3525 obs.
1838 3473 1939 3522 vol.
1959 3473 2030 3535 V,
2059 3489 2111 3541 p.
2136 3469 2221 3538 78.
2248 3469 2409 3522 Scan.

1563 3556 1684 3608 336.
1700 3557 1791 3604 Hic
1812 3571 1915 3620 qua
1932 3553 2150 3602 secretis.
2167 3551 2291 3602 Vox
2311 3565 2523 3602 secr-ems

1490 3633 1559 3686 de
1585 3634 1707 3684 Nilo
1738 3633 2117 3702 frequentatur.
2161 3627 2489 3682 Claudianus
2508 3669 2525 3695 ,

1489 3713 1727 3774 XLVII,
1760 3711 1921 3784 Idyll.
1952 3712 2055 3773 IV,
2108 3729 2185 3762 vs.
2222 3729 2284 3760 10
2321 3723 2373 3760 et
2410 3729 2544 3782 seq..

1496 3817 1521 3839 ι
1549 3791 1825 3844 Fluctibus
1869 3791 2062 3862 ignotis
2106 3801 2345 3842 nostrum
2398 3807 2525 3859 pro·

1491 3872 1661 3925 currit
1693 3872 1745 3923 in
1776 3871 1961 3922 orbem
1985 3911 2001 3935 ‚
2032 3869 2247 3923 Secreto
2276 3869 2351 3922 de·
2376 3869 2527 3922 fonte

1492 3950 1719 4012 cadens,
1750 3951 1839 4020 qui
1871 3969 2076 4020 semper
2100 3949 2245 4002 inani
2270 3948 2527 4012 Quaeren-

1493 4030 1595 4081 dus
1631 4030 1834 4082 ratione
1866 4031 1993 4082 latet
2013 4055 2057 4082 n.
2093 4029 2225 4082 Stat.
2260 4025 2521 4078 Thebaid.

1493 4109 1797 4176 V111,358:
1826 4135 1849 4154 «-
1876 4109 2066 4174 Qualis
2094 4110 2184 4160 ubi
2210 4105 2417 4160 adversi
2444 4121 2525 4156 se-

1491 4201 1665 4243 cretus
1706 4189 1899 4261 pabula
1942 4189 2057 4242 cali
2092 4189 2274 4252 Nilus,
2310 4197 2361 4240 et
2386 4185 2525 4238 ans
