2996 4685
711 414 1246 516 DESCRIPTl
1265 416 1328 481 Ο
1392 416 1691 483 ORBIS
1752 419 2130 486 TERRAE.

2347 416 2485 501 343

450 537 880 607 sollicitanda
917 536 1038 605 sibi
1071 562 1090 621 ;
1129 562 1266 604 non
1304 534 1454 607 ollis
1493 563 1651 609 cura
1692 538 2043 633 laborque,

452 652 740 743 AEquora
779 664 1108 717 terrarum
1151 648 1470 741 gravibus
1506 674 1909 744 componere
1946 651 2215 719 rastris:

448 766 778 830 Exercent
810 759 961 829 saevi
997 782 1068 827 se
1103 759 1344 829 Martis
1381 786 1643 855 semper
1674 762 1743 829 in
1780 785 1987 831 arma.
2384 787 2485 829 1240

446 872 596 941 Sica
633 895 856 940 comes
884 870 1072 939 lateri
1110 884 1244 949 est,
1285 896 1523 941 manus
1559 886 1781 940 autem
1818 870 2081 939 hastilia
2116 872 2387 959 vibrat,⁴

349 1051 541 1105 clarius
582 1050 649 1104 ad
700 1052 1028 1106 sententiam.
1095 1051 1200 1105 Sed
1249 1051 1376 1123 quia

351 1131 485 1183 Ven.
514 1142 564 1183 et
601 1132 761 1202 Cusp.
789 1130 911 1183 edd.
940 1141 991 1183 et
1019 1129 1141 1184 cod.
1178 1129 1292 1183 Ort.
1321 1130 1374 1182 in

348 1210 574 1265 lectione
585 1214 910 1263 sollicitanda
924 1214 1012 1261 sibi
1027 1210 1372 1273 conveniunt,

347 1309 507 1362 quam
524 1290 664 1344 vad.
684 1302 736 1342 et
755 1290 891 1343 Pith.
913 1288 1124 1343 diverso
1143 1286 1302 1340 modo
1322 1301 1375 1340 et

347 1382 543 1423 temere
574 1382 845 1422 mutarunt
862 1406 877 1431 ‚
899 1368 1024 1420 hinc
1051 1367 1371 1437 colligimus,

349 1448 509 1506 verba
535 1467 598 1501 ea
632 1448 806 1519 potius
843 1446 1122 1501 referenda
1157 1465 1270 1499 esse
1300 1444 1370 1499 ad

345 1527 648 1597 praecedens
668 1533 826 1587 Rura,
853 1537 914 1578 ut
953 1526 1041 1578 hic
1072 1544 1253 1595 sensus
1279 1544 1368 1577 au-

346 1608 504 1660 ctoris
529 1606 594 1659 sit
617 1624 630 1659 :
659 1606 836 1660 Parthi
863 1623 989 1658 rura
1015 1615 1198 1658 tenent
1215 1645 1230 1670 ‚
1251 1622 1369 1674 quae

345 1686 445 1738 sibi
477 1686 697 1740 minime
729 1697 923 1759 putant
962 1697 1138 1737 aratro
1176 1682 1370 1737 sollici-

343 1766 522 1821 tanda.
549 1768 688 1821 Hinc
713 1768 820 1821 levi
845 1765 1132 1819 mutatione
1157 1768 1369 1817 vomeris

346 1866 459 1897 usus
487 1846 798 1900 vertendum
824 1847 877 1898 in
906 1867 1026 1906 usu,
1067 1844 1369 1916 legendum-

345 1943 450 1994 que
475 1938 535 1977 ut
552 1926 840 1979 Hudsonus
862 1924 1053 1991 edidit,
1078 1944 1234 1996 quem
1254 1924 1371 1996 ipse

346 2023 566 2076 sequor:
592 2025 765 2079 neque
787 2025 884 2079 pro
909 2024 1034 2058 sana
1056 2016 1110 2057 et
1129 2022 1368 2057 commo-

346 2082 411 2135 da
431 2086 756 2138 correctione
773 2083 1077 2138 habendum
1095 2094 1192 2147 est,
1212 2101 1371 2154 quan-

346 2162 417 2215 do
441 2163 496 2214 in
525 2163 647 2216 edit.
669 2162 880 2216 Madrit.
902 2160 1248 2234 distinguitur
1265 2166 1370 2214 Sol-

345 2244 582 2293 lehicanda
599 2282 617 2302 ,
657 2245 753 2293 cibi
794 2263 894 2294 non
935 2246 1045 2294 ollis
1090 2261 1224 2292 eura.
1263 2240 1370 2305 Qui

343 2319 480 2372 enim
511 2319 578 2376 de
602 2320 713 2374 ullo
743 2321 1026 2374 hominum
1057 2337 1251 2393 genere
1278 2318 1368 2372 ad-

342 2399 547 2453 firmari
577 2412 772 2472 potest,
807 2400 1008 2454 nullam
1040 2399 1104 2451 iis
1143 2397 1246 2450 cibi
1276 2417 1366 2450 cu-

342 2499 456 2533 ram
483 2479 634 2533 esse?

419 2559 567 2612 1238.
609 2561 750 2610 Cur-vi
793 2561 1006 2609 vomere's
1051 2577 1142 2608 usu
1181 2558 1365 2606 Sollici-

344 2643 504 2688 tanda
531 2639 635 2689 sibi.
675 2637 836 2690 Conf-
887 2655 935 2688 ν.
979 2638 1100 2698 464.
1146 2634 1246 2687 W.
1295 2665 1366 2673 —

345 2715 672 2788 Expressisse
715 2714 926 2769 videtur
964 2713 1120 2783 Virg.
1170 2711 1362 2782 Georg.

347 2797 422 2863 11,
438 2797 566 2850 503:
587 2795 920 2850 «Sollicitam
939 2793 1031 2845 alii
1051 2791 1212 2844 remis
1233 2793 1363 2843 freta

343 2895 474 2928 caeca
496 2903 537 2928 υ.
562 2877 978 2928 En.—Laborve
1004 2871 1192 2924 maluit
1219 2867 1361 2923 Odd.

342 2954 488 3025 quod
526 2974 632 3008 non
661 2952 818 3007 video
837 2972 935 3006 cur
954 2949 1272 3022 requiratur.
1305 3017 1318 3022 -

419 3033 567 3104 ¹²39·
598 3036 831 3087 Gravibus
855 3050 1144 3100 eoenponere
1170 3031 1358 3080 rastris.

344 3113 464 3166 Haec
498 3133 527 3165 e
563 3114 698 3166 raris
724 3125 776 3165 et
799 3110 1155 3183 singularibus
1181 3106 1364 3160 Avieni

344 3191 622 3261 phrasibus
665 3191 870 3245 videtur
912 3209 1038 3243 esse.
1093 3186 1194 3242 Sed
1239 3186 1364 3258 quia

343 3289 628 3338 componere
663 3269 793 3322 alias
829 3269 1050 3322 verbum
1098 3267 1271 3320 cultus
1313 3277 1365 3317 et

343 3366 482 3401 curae
510 3358 562 3400 et
585 3346 787 3399 ordinis
808 3361 885 3399 est
938 3345 1080 3416 (vid.
1112 3345 1260 3414 Eleg.
1286 3345 1362 3395 lx

345 3448 395 3480 v.
417 3429 472 3492 3,
491 3426 606 3500 huj.
621 3446 709 3498 op.
730 3438 765 3479 t.
785 3427 839 3477 11
857 3463 872 3488 ,
893 3445 946 3494 p.
968 3444 1090 3496 272,
1110 3435 1162 3475 et
1183 3421 1359 3494 Epith.

344 3507 593 3561 Lam-ent.
619 3527 669 3560 v.
685 3508 774 3576 37,
802 3517 839 3559 t.
859 3506 973 3571 111,
997 3524 1049 3576 p.
1079 3504 1201 3572 399.
1230 3503 1363 3572 En.)

339 3587 465 3640 hinc
481 3606 655 3655 oequor
675 3601 816 3637 τεῖναι
833 3603 1120 3653 componere
1137 3581 1242 3634 dici
1263 3599 1360 3652 po-

340 3666 488 3732 terit,
529 3664 744 3738 quando
796 3662 996 3717 arando
1021 3701 1038 3727 ,
1090 3657 1362 3716 sarriendo

340 3744 556 3815 planum
576 3757 627 3797 et
643 3755 829 3816 aptum
856 3757 908 3798 et
926 3743 1104 3796 habile
1120 3739 1361 3811 frugibus

343 3821 572 3876 serendis
612 3823 872 3889 redditur,
911 3835 964 3875 et
1012 3836 1176 3874 rastra
1217 3836 1364 3870 more

339 3902 551 3975 poetico
585 3922 680 3973 pro
715 3903 864 3955 omni
900 3901 1162 3974 adparatu
1200 3915 1252 3952 et
1293 3901 1366 3950 in-

343 3993 637 4034 strumento
662 3983 862 4036 rustico
882 3994 1170 4052 ponuntur.
1191 4015 1260 4022 -—
1281 3983 1366 4037 Sic

343 4062 500 4115 etiam
522 4061 757 4133 loquitur
771 4060 1364 4126 Ambrosius,Hexaem.

345 4143 370 4196 l
391 4180 406 4206 ‚
433 4159 554 4214 cap.
579 4143 644 4195 8:
678 4168 704 4186 «ι
721 4139 846 4194 Erat
875 4139 1222 4212 incomposita
1247 4144 1368 4210 (ter-

1463 1054 1569 1121 ra),
1590 1053 1713 1123 quia
1742 1052 1883 1106 nuda
1907 1054 2231 1125 gignentium
2248 1094 2263 1119 ‚
2295 1074 2391 1107 nec
2410 1068 2486 1107 to-

1459 1132 1532 1184 ris
1576 1133 1796 1186 herbosa
1848 1134 2080 1205 riparum
2103 1172 2121 1200 ,
2175 1152 2279 1207 nec·
2322 1153 2481 1205 opaca

1459 1212 1769 1266 nemoribus
1786 1254 1802 1279 ‚
1854 1232 1952 1269 nec
2013 1215 2127 1267 lata
2188 1215 2447 1285 segetibus
2464 1254 2479 1278 ,

1459 1302 1561 1345 etc.
1579 1318 1605 1339 ο
1623 1294 1725 1346 En.
1756 1325 1827 1333 —
1854 1294 1895 1345 F
1895 1293 2047 1360 aller,
2080 1312 2148 1346 an
2174 1292 2316 1347 idem
2342 1294 2482 1347 vole-

1460 1372 1549 1423 bat
1571 1373 1761 1425 Noster
1778 1414 1795 1437 ,
1837 1372 2058 1443 quando
2084 1392 2244 1445 supra
2274 1392 2351 1426 vs.
2375 1375 2479 1427 663

1457 1466 1692 1519 comptum
1716 1456 1869 1503 solum
1891 1450 2114 1505 dicebat.
2136 1451 2287 1505 Conf.
2302 1464 2481 1506 notata

1456 1529 1527 1582 ad
1555 1528 1719 1583 Prisc.
1744 1550 1793 1583 v.
1824 1532 1937 1585 180.
1959 1532 2060 1585 W.

1534 1617 1681 1673 1040.
1714 1616 1961 1663 Exercent
1988 1612 2107 1662 scevi
2136 1630 2189 1661 se
2216 1614 2393 1661 Martis
2427 1614 2477 1663 in

1453 1706 1629 1751 arma,
1650 1688 1705 1739 h.
1736 1708 1783 1743 e.
1814 1688 2074 1742 exercitiis
2100 1690 2481 1761 campestribus

1454 1780 1747 1839 praeparant
1774 1788 1829 1821 se
1853 1769 2009 1823 bello.
2040 1769 2171 1822 Tale
2197 1782 2275 1822 est
2294 1770 2473 1821 Carm.

1453 1844 1531 1896 lx
1548 1886 1564 1911 ‚
1593 1850 1661 1899 66
1684 1846 1820 1920 (huj.
1836 1867 1924 1919 op.
1947 1861 1983 1902 t.
2011 1849 2123 1913 111,
2150 1869 2202 1921 p.
2220 1848 2340 1911 354.
2362 1848 2485 1917 En.)

1455 1926 1685 1991 «Quum
1721 1946 1908 1980 manus
1952 1928 2208 1999 Argivum
2244 1924 2481 1981 victricia

1459 2004 1604 2058 ludat
1637 2004 1687 2057 in
1730 2024 1877 2060 arma
1894 2027 1956 2072 »3
2008 2018 2059 2060 et
2099 2004 2245 2078 quod
2290 2005 2481 2057 Noster

1457 2104 1507 2135 v.
1546 2086 1711 2138 1366:
1750 2112 1773 2133 ι
1804 2086 2055 2140 Discursu
2079 2084 2320 2155 praeludit
2346 2102 2480 2153 prze-

1456 2164 1521 2215 lia
1552 2163 1763 2217 Liber-.
1787 2164 1886 2218 W.
1908 2196 1979 2205 —
1999 2165 2160 2236 Cusp.
2176 2176 2227 2215 et
2249 2162 2381 2216 vad.
2407 2166 2482 2219 sic

1454 2241 1736 2295 ediderunt
1760 2248 2043 2295 :Exercent
2084 2242 2203 2293 soevt'
2244 2262 2298 2293 se
2338 2248 2480 2295 Mar-

1453 2325 1516 2374 tis
1540 2342 1731 2392 semper
1762 2325 1811 2376 in
1842 2342 2001 2376 arnna.
2050 2320 2281 2375 Pithoeus
2310 2332 2481 2376 trans·

1451 2401 1636 2474 positis
1662 2402 1831 2456 verbis
1856 2403 2251 2454 Exercentsoevt'
2273 2423 2327 2452 se
2353 2423 2477 2452 sem-

1444 2503 1541 2550 per
1572 2487 1743 2533 Martis
1782 2483 1834 2532 ιἰι
1876 2502 2038 2532 arma.
2082 2481 2285 2534 Rursus
2327 2481 2478 2533 aliter

1452 2560 1621 2614 Huds.
1644 2566 1898 2612 Exercent
1919 2580 2109 2628 semper
2131 2564 2249 2612 saevi
2264 2581 2319 2612 se
2338 2565 2475 2611 Mae·-

1451 2643 1512 2690 eis
1555 2644 1605 2691 in
1650 2660 1809 2691 anna.
1856 2639 2083 2692 Mutatio
2124 2639 2321 2691 nullius
2369 2659 2479 2692 mo-

1451 2719 1642 2778 menti,
1675 2737 1795 2790 quoe
1818 2729 1992 2770 tamen
2011 2717 2339 2770 oscitantiam
2362 2717 2477 2770 edi-

1449 2808 1624 2850 torum
1653 2795 1861 2869 prodat.
1903 2804 1964 2848 In
1988 2801 2138 2848 armis
2161 2796 2348 2849 maluit
2372 2797 2477 2850 Od-

1451 2875 1611 2928 dius:
1642 2875 1733 2928 sed
1764 2876 1978 2947 vulgata
2001 2875 2207 2928 melior.

1528 2962 1675 3020 1241.
1693 2957 1807 3006 Sica
1833 2975 1993 3007 eomes
2018 2957 2164 3007 lateri
2186 2972 2275 3007 est.
2298 2955 2473 3009 Comi-

1450 3047 1528 3089 tes
1549 3035 1709 3088 etiam
1728 3053 1813 3086 res
1831 3033 2081 3087 dicuntur
2102 3072 2117 3097 ‚
2142 3052 2259 3106 quae
2284 3046 2477 3105 praesto

1447 3126 1572 3168 sunt
1589 3155 1605 3180 ,
1658 3125 1711 3166 et
1755 3124 2025 3184 geruntur.
2068 3113 2309 3166 Juvenal.
2336 3112 2475 3179 vn,

1459 3213 1587 3263 107:
1632 3219 1655 3240 α
1682 3212 1874 3264 magno
1906 3185 2124 3246 comites
2152 3192 2210 3245 in
2241 3191 2381 3244 fasce
2409 3191 2471 3242 li-

1450 3273 1573 3326 belli
1589 3300 1631 3322 „.
1654 3271 1803 3324 Idem
1822 3311 1837 3337 ,
1864 3271 1923 3337 1,
1958 3271 2053 3340 89:
2097 3298 2121 3317 α
2140 3289 2313 3340 neque
2332 3270 2473 3322 enim

1449 3351 1638 3404 loculis
1664 3349 2035 3404 comitantibus
2062 3348 2168 3400 itur
2186 3347 2269 3400 Ad
2294 3367 2475 3401 casum

1450 3431 1641 3484 tabulae
1659 3456 1700 3479 a.
1730 3428 1882 3498 Apul.
1903 3426 2053 3498 Apol.
2084 3445 2203 3497 pag.
2228 3427 2331 3478 288
2350 3426 2471 3479 edit.

1450 3509 1591 3562 Elm.
1627 3533 1649 3554 ι
1676 3506 1929 3560 Hercules
1970 3523 2142 3577 neque
2182 3525 2285 3558 una
2334 3506 2471 3578 pelle

1447 3587 1702 3650 vestitior,
1722 3604 1897 3656 neque
1917 3603 2024 3636 uuo
2044 3583 2233 3636 baculo
2252 3585 2469 3638 comita-

1449 3666 1554 3718 tior
1573 3664 1730 3717 fuitn.
1758 3663 1859 3716 W.
1884 3695 1953 3702 —-
1980 3665 2121 3713 Sicca
2146 3683 2305 3715 eomes
2327 3662 2465 3716 Ven.

1451 3755 1503 3798 et
1528 3745 1687 3816 Cusp.
1712 3741 1911 3794 habeut
1928 3778 1944 3804 ,
1992 3743 2132 3795 sorte
2160 3762 2225 3796 ex
2258 3743 2385 3796 vitio
2410 3743 2471 3795 li-

1450 3823 1633 3878 brarii.
1671 3822 1885 3875 Camers
1922 3840 2046 3874 vero
2078 3821 2145 3874 ad
2176 3822 2336 3876 Prisc.
2369 3821 2470 3892 955

1453 3913 1635 3956 monet
1654 3901 1726 3955 sic
1747 3899 2032 3971 legendum
2055 3917 2068 3953 ε
2111 3926 2134 3947 ι
2153 3902 2268 3956 Sica
2297 3922 2474 3958 comes

1453 3981 1606 4038 lateri
1649 3993 1751 4047 est,
1794 3997 1981 4032 manus
2021 3992 2112 4032 aut
2155 3981 2363 4036 hastilia
2410 3985 2477 4036 vi-

1453 4062 1573 4113 brat
1595 4087 1617 4106 ·
1640 4100 1657 4126 ,
1698 4057 1967 4131 quomodo
1990 4071 2041 4112 et
2062 4059 2197 4113 Pith.
2226 4075 2278 4114 et
2300 4062 2467 4116 liuds.

1458 4143 1627 4214 Atque
1661 4139 1716 4192 hi
1754 4158 1879 4193 eum
1911 4159 2121 4194 sensum
2164 4160 2342 4193 versus
2369 4153 2471 4193 sta-
