2996 4685
540 389 678 459 510
1240 383 1803 452 EXCURSUS
1866 386 1946 452 11

538 526 604 573 et
633 506 859 571 caelum
892 506 977 568 ita
1010 502 1349 591 distinguit
1378 525 1393 565 ε
1433 501 1518 565 ab
1549 524 1680 566 una
1714 519 1894 590 parte
1931 503 2236 566 circuitus
2265 503 2400 584 ejus
2437 503 2661 590 incipit

537 605 923 695 Septemtrio
940 619 1005 667 et
1024 604 1323 668 Oceanus
1342 603 1660 684 Gallicus3
1683 603 1764 667 ab
1782 605 1976 668 altera
1995 625 2258 668 occasus
2281 621 2347 668 et
2363 606 2660 669 Oceanus

538 708 899 774 Atlanticus
918 736 965 770 ».
994 704 1301 769 Similiter
1326 705 1576 791 antiqui
1603 705 1694 768 illi
1719 706 1912 770 Celtae
1935 719 2002 768 et
2025 705 2290 794 Ligures
2305 754 2323 787 ‚
2349 727 2554 793 quum
2576 705 2660 767 ad

537 826 883 874 extremam
916 823 1163 895 partem
1196 805 1453 893 Alpium
1471 855 1489 887 ,
1547 821 1874 893 tamquam
1928 804 2010 869 ad
2050 821 2284 870 metam
2304 855 2323 887 ,
2355 822 2658 895 putarent

538 932 803 975 cursum
822 909 975 973 solis
991 955 1008 988 ,
1032 923 1232 972 terras
1258 905 1667 988 illustrantis,
1697 906 1931 970 deferri
1948 953 1968 986 ,
1991 921 2186 996 atque
2209 931 2288 971 ex
2309 905 2660 971 meridiana

534 1012 720 1100 plaga
766 1011 835 1073 in
884 1009 1374 1097 septemtriones
1426 1006 1626 1089 flecti,
1679 1007 1849 1072 ultra
1895 1030 2060 1096 quos
2111 1006 2276 1071 nihil
2321 1022 2487 1071 esset
2537 1007 2660 1069 ni·i

534 1112 837 1201 ignotum
864 1131 1074 1190 mare,
1104 1108 1261 1173 hinc
1292 1130 1372 1172 eo
1404 1123 1630 1171 monte
1661 1123 1860 1172 terras
1891 1108 2129 1196 pariter
2164 1124 2229 1172 et
2261 1109 2488 1173 caelum
2521 1131 2658 1172 ma·

538 1213 761 1301 riaque
793 1210 1140 1276 credebant
1171 1209 1620 1274 disterminari.
1666 1212 1882 1298 Atque
1913 1209 2036 1274 ista
2065 1209 2293 1274 divisio
2329 1231 2446 1297 per
2477 1213 2659 1274 Arta·

538 1313 732 1378 brum
754 1311 1281 1400 promontorium
1308 1311 1744 1375 recentiorum
1772 1328 2143 1400 temporum
2159 1359 2176 1393 ,
2207 1328 2270 1376 et
2292 1311 2550 1400 prolatae
2577 1313 2661 1376 ad

540 1416 872 1481 Oceanum
926 1435 1137 1501 usque
1200 1412 1590 1476 Atlanticum
1649 1429 1964 1476 terrarum
2029 1413 2275 1478 notitiae
2329 1430 2462 1496 est3
2521 1413 2662 1476 haec

538 1517 762 1604 opinio
779 1564 798 1597 ,
846 1537 991 1602 quoe
1038 1514 1408 1578 columnam
1455 1515 1560 1578 vel
1611 1529 1846 1578 metam
1898 1514 2048 1578 solis
2098 1515 2366 1602 putabat
2413 1531 2658 1603 partem

538 1619 839 1705 Alpium,
877 1617 959 1682 ad
993 1631 1243 1680 oetatem
1280 1616 1714 1703 antiquiorem
1749 1632 1816 1679 et
1845 1615 2358 1704 angustissimam
2394 1639 2662 1706 geogra-

536 1721 759 1809 phiam
788 1719 1104 1806 pertinet,
1138 1740 1281 1805 quae
1310 1734 1546 1780 terram
1579 1717 1928 1780 habitatam
1955 1715 2040 1780 ad
2066 1739 2362 1782 occasum
2395 1715 2662 1781 flumine

535 1822 857 1887 Rhodano
890 1819 1188 1901 finiebat,
1222 1840 1365 1905 quae
1396 1819 1564 1882 ultra
1597 1832 1785 1898 sunt,
1815 1840 2045 1906 pamm
2078 1821 2334 1909 cognita
2361 1820 2658 1885 habebat.

536 1925 721 1990 Patet
750 1923 881 1988 hoc
912 1921 1187 1986 maxime
1212 1941 1291 1983 ex
1318 1919 1667 2007 Apollonio
1692 1918 1951 1982 Rhodio
1969 1966 1986 2000 ,
2023 1919 2136 2006 qui
2169 1919 2280 1983 ubi
2311 1941 2557 1984 errores
2589 1921 2657 1983 in

536 2026 751 2090 reditu
782 2026 1305 2112 Argonautarum
1339 2018 1682 2100 describit,
1717 2019 1996 2109 speciem
2031 2019 2309 2108 aliquam
2345 2021 2509 2084 sistit
2549 2041 2660 2084 ve-

538 2126 691 2191 teris
718 2142 784 2190 et
808 2139 1099 2212 angustae·
1122 2121 1365 2186 notitiae
1388 2121 1587 2186 orbis.
1624 2122 1796 2185 Huic
1821 2119 2177 2186 Rhodanus
2200 2145 2350 2186 cum
2378 2120 2659 2186 Eridano

536 2227 733 2291 Italiae
778 2225 1164 2303 conjunctus
1216 2221 1307 2309 (1)
1362 2221 1444 2286 ab
1494 2223 1793 2286 extremis
1843 2237 2061 2303 terrae,
2113 2221 2404 2309 adeoque
2454 2221 2660 2286 noctis

540 2327 834 2407 sedibuS,
865 2341 1083 2390 ortum
1124 2322 1306 2388 ducit
1341 2323 1681 2411 (Apollon.
1725 2325 1838 2405 IV,
1878 2322 2008 2389 630
2049 2346 2227 2413 seqq.
2249 2321 2306 2411 ),
2351 2337 2418 2387 et
2449 2321 2660 2387 tribus

538 2427 852 2506 brachiis,
884 2426 1084 2489 altero
1114 2422 1199 2487 ad
1232 2424 1566 2488 Oceanum
1584 2473 1602 2505 ,
1635 2425 1837 2489 altero
1869 2423 1952 2488 ad
1982 2426 2199 2490 sinum
2220 2423 2657 2506 Adriaticum,

538 2550 656 2617 per
684 2525 1039 2593 Eridanum
1076 2539 1265 2613 puta,
1313 2526 1504 2588 tertio
1550 2524 1615 2588 in
1660 2523 1980 2590 Sardoum
2025 2547 2198 2591 mare
2245 2524 2657 2591 diffunditur.

539 2629 768 2694 Omnis
806 2644 975 2691 terra
1019 2625 1337 2690 Celtarum
1374 2640 1514 2690 est:
1551 2648 1758 2714 prope
1801 2626 2122 2691 Sardoum
2153 2650 2326 2692 mare
2364 2626 2450 2691 ad
2483 2626 2663 2690 Rho-

538 2731 783 2797 danum
809 2729 1071 2818 Ligures
1090 2776 1110 2809 ,
1138 2749 1188 2791 s.
1214 2727 1461 2816 Ligyes.
1492 2726 1592 2791 Ab
1615 2749 1844 2791 occasu
1874 2724 2176 2792 Rhodani
2201 2743 2370 2793 terra
2393 2726 2660 2792 lacubus

538 2832 775 2921 repleta
788 2878 807 2912 ,
840 2830 955 2917 qui
990 2851 1142 2893 cum
1174 2827 1497 2892 Rhodano
1533 2851 1718 2917 aeque
1753 2850 1828 2895 ac
1860 2830 2118 2893 Oceano
2150 2851 2228 2893 ex
2256 2829 2450 2893 altera
2481 2844 2661 2916 parte

539 2936 910 3001 miscentur.
958 2935 1013 2999 A
1056 2930 1534 3019 septemtrione
1578 2931 1648 2994 in
1692 2931 1918 3018 primis
1962 2931 2257 3019 praetenti
2299 2946 2554 2995 montes
2595 2945 2662 2992 et

538 3038 737 3102 saltus
756 3032 1081 3122 Hercynii.
1106 3034 1281 3095 Bene
1300 3032 1438 3097 haec
1460 3032 1678 3095 omnia
1699 3032 2105 3096 conveniunt
2123 3032 2204 3095 ad
2224 3031 2666 3097 demonstran·

539 3136 730 3212 dum,
768 3132 1141 3199 Columnam
1174 3132 1373 3211 Solis,
1414 3154 1612 3219 quam
1646 3132 1930 3197 Avienus
1963 3151 2310 3215 memorat,
2346 3133 2662 3220 antiquis-

539 3239 701 3303 sima
714 3235 1023 3325 opinione
1042 3232 1386 3298 hominum
1402 3256 1522 3321 pro
1537 3250 1708 3298 meta
1725 3234 1876 3299 solis
1895 3235 2122 3301 orbem
2141 3252 2326 3300 terrae
2339 3234 2661 3313 obeuntiS‚

540 3355 606 3406 et
632 3339 763 3403 fine
786 3354 970 3402 terrae
994 3334 1267 3424 cognitae
1288 3335 1485 3400 fuisse
1508 3334 1814 3399 habitam.
1835 3336 1906 3401 Si
1929 3336 2283 3401 Rhodanus
2301 3336 2659 3402 secundum

541 3439 957 3531 Apollonium
994 3436 1076 3501 ab
1105 3437 1403 3501 extremis
1439 3453 1625 3501 terrae
1659 3438 1888 3521 oritur,
1925 3455 2096 3503 certe
2127 3460 2320 3529 rupes
2352 3438 2490 3519 illa,
2519 3460 2661 3525 quae

539 3542 619 3607 ad
654 3542 863 3607 fontes
895 3538 1233 3619 Rhodani,
1274 3539 1594 3604 Columna
1625 3539 1774 3603 solis
1813 3540 1899 3605 ob
1933 3562 2074 3605 eam
2109 3542 2310 3630 ipsam
2344 3542 2660 3604 rationem

540 3643 711 3709 dicta
760 3658 885 3721 est,
934 3639 1115 3727 quod
1164 3640 1232 3703 in
1283 3639 1584 3706 extremis
1627 3657 1810 3705 terrae
1859 3657 2043 3705 esset.
2093 3641 2467 3728 Eodemque
2516 3640 2661 3704 loco

539 3744 749 3808 noctis
770 3741 989 3807 sedem
1014 3741 1229 3806 dicere
1252 3758 1443 3829 poeta
1466 3741 1708 3829 potuit,
1737 3740 1916 3829 quod
1940 3742 2006 3804 in
2031 3762 2100 3805 ea
2125 3764 2286 3830 rupe
2303 3762 2423 3805 con
2433 3738 2658 3804 finium

614 3984 693 4051 (1)
726 3980 863 4033 Utor
889 3978 1061 4034 verbis
1094 3980 1163 4033 cl.
1184 3978 1592 4034 Schoeneus-nni
1609 4016 1628 4043 ‚
1651 3978 1744 4051 qui
1769 3979 1896 4033 mihi
1923 3980 2024 4033 hac
2049 3980 2104 4033 in
2131 3992 2283 4051 parte
2307 3992 2520 4033 vetust-
2541 3998 2664 4050 geo-

542 4064 775 4139 graphia
798 4080 859 4115 ex
887 4060 1170 4133 Apollonio
1198 4062 1533 4121 informanda
1552 4063 1717 4117 otium
1745 4063 1866 4119 fecit
1885 4100 1900 4126 ,
1937 4064 1994 4119 in
2025 4064 2321 4119 comment.
2343 4062 2412 4117 de
2430 4062 2640 4132 Geogra

542 4148 671 4219 phia
692 4148 979 4216 Argonaut.
999 4161 1118 4215 pag.
1143 4142 1227 4211 59.
