2996 4685
477 362 618 448 304
1221 366 1299 432 R.
1351 365 1426 431 F.

1479 362 1849 432 AVIENI

568 484 670 555 Sit
704 483 943 554 modus
977 483 1114 571 his,
1155 483 1342 553 rutili
1377 509 1524 579 quae
1560 498 1861 578 spectant
1894 483 2129 553 sideris
2165 500 2428 554 ortum:

568 600 875 689 Tumque
902 609 1092 682 tene,
1119 596 1338 689 primo
1374 594 1557 690 quod
1590 595 1887 665 carmine
1917 598 2119 665 Musa
2151 594 2455 691 loquuta,

565 709 804 774 Totam
835 705 1060 774 Asiam
1093 705 1249 775 celsi
1289 705 1609 802 praecingi
1633 704 1878 774 vertice
1904 707 2111 774 Tauri
2504 730 2609 770 10⁵0

562 816 829 885 Extima
870 815 940 883 in
974 815 1296 886 Indorum
1323 843 1339 884 :
1387 816 1637 885 montis
1672 830 1897 885 tamen
1932 816 2161 909 accipe
2196 816 2439 885 molem

563 930 692 996 Per
735 924 909 995 latus
945 924 1018 997 id
1063 925 1250 1009 duci,
1285 948 1423 1022 quo
1463 925 1581 995 dat
1615 928 1963 1021 Cynosura
1997 926 2307 1019 pruinas:

469 1117 560 1167 illa
616 1118 677 1165 In
742 1116 902 1164 latera
963 1112 1129 1183 effiasa
1195 1115 1337 1165 cordi
1381 1116 1497 1165 daeo

471 1192 610 1245 Pith.
635 1203 690 1245 et
713 1188 885 1243 Huds.
911 1188 1038 1243 Hoec
1062 1189 1313 1261 deinceps
1345 1190 1498 1243 Hud-

475 1285 640 1324 sonus
664 1284 788 1323 cum
811 1268 1053 1335 Heinsio,
1078 1268 1413 1323 Brouckhus.
1445 1282 1501 1322 et

473 1348 696 1402 80111·ιά.
725 1347 972 1419 corrigit:
999 1358 1233 1418 quattuor
1262 1351 1400 1401 iliam
1434 1353 1496 1401 In

475 1432 638 1480 lanera
661 1430 874 1498 effusam
895 1432 1034 1480 cordi
1049 1432 1197 1480 daco.-
1211 1416 1331 1500 qun
1343 1426 1498 1480 lectio

472 1506 766 1560 admodum
812 1507 1105 1579 probabilis
1153 1518 1206 1561 et
1251 1516 1497 1559 contexto

473 1585 654 1659 digna.
699 1586 826 1642 Mox
865 1587 1023 1641 aliam
1069 1585 1361 1640 Hudsonus
1403 1583 1502 1638 ad-

471 1665 696 1719 modum
710 1666 1032 1737 ingeniosam
1047 1663 1230 1737 adjicit
1243 1672 1505 1735 :Quatmor

471 1749 564 1798 illa
586 1753 648 1797 In
675 1750 833 1798 latera
859 1746 1026 1815 effusa
1053 1758 1128 1796 est
1154 1748 1402 1813 quadrati.

547 1826 699 1889 1048.
743 1824 979 1877 Ortelius
1009 1824 1031 1892 (
1045 1824 1104 1876 in
1149 1823 1328 1877 collat.
1377 1822 1497 1876 cod.

474 1907 622 1972 ant.)
652 1902 723 1958 ad
767 1904 917 1958 hunc
955 1918 1168 1957 versum
1215 1904 1496 1957 subnotat:

469 2008 498 2029 α
511 1984 594 2038 Ab
610 1983 716 2037 hoc
731 1999 890 2037 versu
909 2000 1078 2055 usque
1100 1982 1170 2037 ad
1190 1986 1412 2035 fier-ribus
1445 1984 1496 2033 in

471 2064 816 2116 calum-aas.
844 2063 1008 2128 1086,
1033 2061 1294 2116 desuntin
1318 2064 1498 2116 ven-i·

469 2142 540 2194 Et
555 2141 625 2194 ad
640 2161 693 2195 v.
717 2142 850 2194 1123
870 2159 882 2194 :
901 2166 925 2189 ι
944 2141 1042 2193 Hic
1061 2141 1188 2195 inv.
1208 2142 1497 2213 sequeban-

471 2232 560 2273 tur
578 2221 815 2274 carmina
843 2220 1086 2292 superius
1105 2219 1298 2273 omissa
1313 2244 1360 2273 n.
1379 2220 1494 2292 Ego

469 2297 614 2351 idem
644 2298 824 2352 notavi
859 2299 916 2350 in
949 2296 1034 2352 ed.
1068 2298 1206 2352 Ven.
1241 2298 1495 2352 Son.—

469 2377 595 2431 Hoec
621 2389 699 2430 est
721 2376 1062 2447 transpositio
1087 2395 1335 2447 perversa
1359 2377 1494 2432 dua-

467 2474 592 2509 rum
622 2455 938 2528 paginarum
955 2491 972 2518 ‚
990 2473 1152 2527 quam
1185 2456 1296 2528 ipse
1320 2455 1376 2508 in
1405 2476 1491 2510 re-

466 2535 714 2590 censione
737 2533 1034 2588 editionum
1052 2537 1493 2604 commemoravi,

466 2627 519 2668 et
551 2614 756 2686 primus
791 2613 1092 2668 observavit
1125 2613 1490 2686 Cuspinianus.

469 2696 574 2750 W.
588 2697 741 2745 -Sie
757 2697 930 2746 modus
949 2697 1024 2745 his
1048 2697 1182 2746 rutili
1196 2693 1334 2747 Ven.
1351 2694 1490 2747 Pith.

466 2773 638 2828 Huds.
669 2779 760 2826 Est
787 2777 958 2826 modus
986 2776 1030 2826 is
1064 2776 1199 2826 rutili
1228 2775 1389 2846 Cusp.
1415 2777 1490 2826 lu's

467 2856 602 2906 rutili
643 2853 791 2907 vad.
855 2853 960 2908 Sed
1019 2853 1350 2927 proferenda
1411 2865 1492 2907 est

464 2930 682 3004 antiq-ua
707 2931 864 2986 lectio
888 2937 962 2984 Sit
985 2939 1176 2986 modus.
1205 2932 1358 2985 Hanc
1393 2951 1490 3004 po-

466 3011 564 3065 scit
597 3030 646 3063 v.
694 3015 826 3076 1046
866 3017 1044 3064 Forma
1081 3015 1165 3073 sit,
1205 3014 1358 3084 cujus
1401 3011 1490 3066 hic

464 3091 796 3144 continuatio
819 3101 911 3144 est.

541 3177 691 3238 1049.
712 3169 889 3223 Probo
915 3175 1132 3237 Tumque
1147 3183 1258 3220 ceree
1272 3207 1288 3230 ,
1304 3187 1492 3241 quam·

463 3268 624 3324 quam
651 3247 944 3302 Hudsonus
969 3253 1160 3317 Tuque,
1181 3261 1233 3301 et
1259 3249 1333 3300 sic
1363 3247 1490 3303 citat

464 3329 672 3384 Fabi-ic.
695 3329 946 3384 Biblioth.
969 3331 1085 3383 Lat.
1122 3329 1176 3397 1,
1213 3347 1335 3401 pag.
1361 3333 1482 3400 607.

460 3409 626 3464 stum.
661 3439 734 3450 —
769 3410 1058 3465 Hudsonus
1091 3423 1240 3478 mque
1277 3409 1488 3462 videtur

464 3487 680 3542 aliunde
703 3490 995 3560 abripuisse
1026 3489 1138 3541 sine
1157 3489 1270 3542 ulla
1296 3487 1491 3544 idonea

461 3568 766 3621 ratione.-
787 3575 934 3639 Quod
967 3573 1189 3621 cannino
1231 3573 1379 3619 Musa
1412 3573 1486 3620 Io-

463 3661 620 3716 quum
657 3661 760 3710 ese,
793 3659 854 3701 ut
885 3667 941 3700 v.
983 3648 1120 3718 257:
1149 3648 1344 3701 «Nunc
1389 3647 1488 3700 tibi

461 3725 699 3779 tellurem
744 3745 900 3780 versu
953 3729 1144 3800 loquar
1164 3748 1223 3794 »ς
1261 3745 1312 3780 v.
1357 3727 1482 3795 398:

460 3831 487 3852 ιι
500 3805 658 3858 Nunc
677 3803 776 3856 tibi
799 3816 851 3858 et
875 3807 1102 3878 Europa!
1124 3806 1276 3860 fabor
1296 3806 1484 3859 latus».

460 3883 860 3952 W.-—Titmque
895 3898 1008 3937 tene
1047 3885 1210 3957 Cusp.
1253 3897 1306 3938 et
1346 3885 1484 3937 Pith.

459 3961 768 4027 ediderunt,
795 3967 960 4032 Tuque
985 3979 1119 4015 tenes
1134 3965 1249 4016 vult
1269 3965 1486 4018 Camers

459 4042 529 4096 ad
579 4039 741 4094 Prisc.
799 4044 918 4098 883.
966 4047 1137 4108 Tuque
1181 4058 1294 4096 eene
1346 4043 1483 4095 Vad-

465 4127 677 4188 nemque
733 4139 918 4174 verum
983 4132 1059 4173 est
1088 4160 1103 4185 ,
1171 4131 1233 4173 ut
1286 4139 1482 4192 prece·

1580 1111 1691 1183 ptio
1708 1148 1725 1175 ‚
1757 1128 1917 1182 quam
1944 1111 2179 1164 Avienus
2212 1110 2302 1163 hic
2336 1108 2404 1163 de
2432 1109 2607 1163 forma

1581 1190 1719 1243 Asius
1760 1189 2013 1258 instituit,
2046 1190 2422 1243 continuetur:
2442 1191 2605 1257 pruno

1581 1272 1829 1331 cat-ntiae,
1852 1268 1908 1322 11.
1930 1288 1974 1321 e.
1999 1269 2173 1341 prima
2194 1278 2341 1341 parte
2358 1267 2609 1322 carminis

1582 1350 1721 1420 ejus,
1743 1366 1852 1420 qua
1876 1347 2145 1421 sigillatim
2170 1346 2240 1401 de
2266 1346 2391 1401 Asia
2423 1346 2606 1401 dicere

1581 1428 1775 1501 incepi.
1806 1428 1923 1480 Hoc
1951 1445 2167 1479 carmen
2193 1427 2448 1500 incipitv.
2478 1426 2603 1497 817,

1582 1525 1645 1560 ac
1690 1507 1876 1580 paullo
1927 1518 2049 1579 post
2082 1525 2131 1559 v.
2167 1508 2272 1576 839
2316 1504 2387 1561 de
2424 1507 2609 1559 Tauro

1582 1596 1763 1640 monte
1792 1604 1856 1639 ea
1882 1584 2070 1653 tradit,
2090 1591 2209 1657 qua
2244 1586 2351 1638 hoc
2382 1584 2503 1637 loco
2528 1602 2607 1638 re—

1580 1666 1899 1737 spiciuntur.

1659 1744 1814 1797 1050.
1832 1744 1937 1797 Pro
1944 1747 2193 1814 praecingi
2207 1741 2426 1797 Schrad-
2446 1760 2611 1813 quon-

1582 1820 1708 1877 dam
1730 1823 1787 1876 in
1816 1824 1929 1878 sch.
1952 1825 2158 1878 notavit
2174 1826 2407 1893 pcfimfi.
2430 1824 2493 1874 In
2514 1840 2611 1875 no-

1580 1902 1650 1956 tis
1668 1902 1847 1956 denuo
1864 1902 1923 1956 id
1938 1904 2081 1957 varie
2108 1901 2435 1965 sollicitavit,
2458 1901 2611 1972 quasi

1580 1981 1689 2035 hoc
1728 1982 1817 2036 vix
1866 1983 1995 2036 ferri
2040 1982 2203 2055 possit
2220 2020 2237 2046 ,
2282 2000 2384 2035 nec
2430 1992 2611 2035 tamen

1580 2061 1728 2115 aliud
1747 2098 1764 2126 ,
1784 2060 1931 2133 quod
1954 2062 2255 2135 preferret,
2272 2060 2492 2115 invenit.

1658 2140 1810 2195 1051.
1840 2145 2041 2194 Extima
2082 2143 2133 2193 in
2174 2145 2443 2201 Indorum,
2488 2138 2528 2191 i.
2556 2158 2606 2191 e.

1579 2240 1749 2296 usque
1796 2222 1857 2276 in
1903 2227 2167 2276 extremos
2216 2220 2348 2273 fines
2402 2216 2603 2271 India:

1577 2300 2023 2374 quemadmodum
2043 2322 2093 2356 v.
2112 2297 2486 2354 826:«1ndica
2505 2316 2611 2370 qua

1574 2399 1735 2454 rupes
1774 2391 1943 2435 mmet
1980 2381 2169 2435 extima
2186 2403 2233 2433 ι.
2261 2380 2350 2434 Sic
2380 2379 2451 2433 de
2486 2379 2603 2452 ipso

1576 2461 1760 2515 Tauro
1796 2472 1979 2513 monte
2013 2478 2171 2532 supra
2194 2477 2248 2514 v.
2275 2460 2377 2522 8⁴2
2400 2477 2415 2512 ε
2439 2484 2467 2505 «-
2481 2477 2603 2512 ver-

1575 2539 1693 2593 ticis
1718 2538 1889 2593 ardua
1913 2538 2065 2594 ducit
2092 2537 2351 2591 Indorum
2380 2537 2439 2589 in
2464 2537 2607 2610 pela-

1575 2637 1675 2690 gus
1690 2643 1735 2671 n.
1756 2622 1988 2670 Est-timus
2010 2635 2111 2690 pro
2136 2627 2373 2670 extremo
2392 2633 2441 2669 v.
2467 2633 2564 2684 192
2586 2653 2603 2680 ,

1580 2696 1698 2752 530.
1754 2695 1899 2750 Hinc
1946 2696 2227 2750 vadianus
2280 2694 2372 2748 hic
2434 2692 2607 2748 edidit

1576 2781 1865 2830 Extremam
1892 2781 2129 2830 Indorum
2143 2815 2159 2838 ,
2194 2793 2308 2844 qne
2334 2775 2491 2828 lectio
2518 2786 2603 2828 ta·

1574 2873 1699 2910 men
1724 2876 1834 2912 non
1860 2857 2109 2928 congruit
2128 2855 2301 2910 verbis
2320 2854 2557 2928 reliquis.

1650 2934 1803 2989 105².
1824 2936 2031 2989 Veneta
2051 2946 2330 3006 corrupte:
2357 2940 2451 2986 Per
2470 2939 2601 2986 lanas

1575 3017 1632 3066 id
1664 3017 1805 3066 ducit
1842 3033 1940 3082 qno
1986 3019 2201 3080 datynus
2240 3031 2330 3064 ora
2376 3015 2601 3081 μαίνεαι.

1574 3093 1795 3164 Cuspiu-
1838 3111 1949 3145 non
1984 3094 2211 3147 melius:
2248 3099 2343 3144 Per
2380 3097 2510 3145 latus
2548 3097 2607 3145 ia

1573 3175 1693 3224 duci
1700 3175 1836 3242 quod
1845 3187 2025 3239 aymus
2038 3193 2130 3224 ora
2134 3177 2360 3241 pruinas.
2370 3173 2601 3227 Camerti

1576 3251 1651 3305 ad
1669 3252 1833 3306 Prisc.
1856 3252 1957 3306 835
1982 3251 2269 3324 legendum
2287 3251 2518 3320 videtur,
2542 3265 2605 3306 ut

1575 3349 1757 3385 versus
1776 3331 1913 3386 ratio
1931 3345 1985 3385 et
2004 3349 2189 3385 sensus
2207 3343 2443 3386 constet:
2462 3357 2488 3378 α
2500 3331 2605 3386 Per

1576 3410 1713 3464 latus
1729 3451 1745 3477 ,
1761 3411 1820 3464 in
1858 3412 2057 3464 Boreas
2100 3429 2209 3482 quo
2254 3409 2469 3464 ducitur
2510 3429 2603 3465 ora

1575 3489 1794 3562 pruinas
1814 3515 1856 3542 υ.
1907 3489 2011 3543 Sed
2074 3489 2261 3544 melius
2320 3489 2605 3544 lecu‘onem

1575 3587 1757 3622 veram
1798 3568 1936 3622 eruit
1967 3567 2110 3622 vad.
2159 3580 2213 3622 et
2258 3567 2395 3621 Pith.
2440 3587 2605 3640 quam

1573 3647 1675 3718 ipsi
1697 3646 1989 3701 reddimus.
2004 3679 2071 3688 --
2098 3651 2369 3714 &no-rura,
2388 3648 2605 3701 siveAr-

1576 3739 1687 3781 ctos
1703 3727 1904 3791 Minor,
1917 3745 2082 3800 quam
2100 3726 2285 3780 dicunt
2298 3726 2603 3800 Nympham

1574 3807 1735 3862 fuisse
1748 3807 1894 3861 Jovis
1910 3807 2191 3860 nutricem.
2215 3806 2401 3860 Avien.
2416 3804 2603 3858 Phaen.

1580 3905 1711 3940 121:
1742 3913 1768 3933 α
1790 3887 1876 3941 Sic
1908 3886 2055 3940 Jovis
2091 3885 2320 3939 altrices.
2342 3923 2354 3935 .
2376 3925 2393 3939 .
2432 3903 2601 3957 prope

1574 3963 1806 4019 cardinis
1845 3981 2022 4019 axem.
2044 4005 2057 4017 .
2079 4003 2093 4017 .
2135 3965 2315 4019 Helice
2357 3965 2600 4038 Cynosu-

1573 4061 1740 4114 raque
1762 4061 1930 4096 versu
1958 4041 2184 4097 Proscia
2212 4043 2451 4097 venturis
2472 4041 2603 4096 dant

1576 4139 1781 4192 semper
1802 4123 1953 4193 signa
1974 4123 2219 4194 procellis
2234 4149 2273 4174 a.
2306 4124 2409 4175 En.
