2996 4685
441 343 575 389 120

1171 319 1251 384 R.
1307 320 1376 384 F.
1433 317 1806 387 AVIENI

529 439 828 511 Gallicus
862 440 1024 511 hine
1064 454 1260 509 aestus
1297 438 1737 534 provolvitur.
1771 438 1900 507 Hic
1936 460 2131 531 super
2168 435 2403 503 urbem

526 550 886 621 Massiliam
917 576 1078 645 gens
1109 550 1315 621 Graia
1344 549 1535 639 colit,
1557 551 2015 644 Ligurumque
2049 546 2360 617 tumescit

533 664 806 755 AEquor‚
843 676 910 731 et
951 660 1278 731 indomito
1317 659 1513 731 tellus
1546 661 1726 756 jacet
1758 658 1929 731 Itala
1960 682 2191 753 regno,

630 772 916 841 Ausonis
941 772 1082 841 haec
1111 772 1297 867 regio
1324 786 1452 859 est3
1479 772 1641 867 pubi
1660 794 1871 865 genus
1888 771 1973 839 ab
1996 772 2157 839 Jove
2184 785 2557 835 summanr»

532 885 686 974 Qua
719 906 789 951 se
832 881 1042 953 flabra
1083 883 1290 952 trucis
1325 884 1550 951 Boreae
1592 906 1714 975 per
1752 880 2087 973 inhospita
2123 893 2315 947 terrae

439 1150 566 1203 riter
605 1148 777 1201 media
821 1145 968 1199 brevi
1005 1146 1224 1197 effertur
1259 1145 1315 1196 iu
1355 1144 1450 1197 Or.

439 1248 572 1282 mar.
600 1229 702 1293 344
725 1246 836 1301 seq.
861 1228 1050 1299 Neque
1071 1237 1248 1280 tamen
1265 1226 1454 1278 Noster

441 1310 730 1363 Bentleium
813 1307 1065 1361 deterruit
1083 1346 1100 1374 ‚
1169 1306 1458 1380 quominus

441 1390 644 1443 Lucani
661 1391 717 1455 1,
737 1388 841 1452 554
858 1428 874 1456 ,
891 1406 987 1459 pro
1008 1406 1339 1454 summumque
1365 1387 1456 1437 im·

431 1473 585 1539 plevis
625 1474 832 1522 Atlanta
869 1485 1132 1539 reponere
1173 1476 1458 1520 conaretur

441 1556 766 1616 Maurumque
828 1550 1027 1617 bnpellr'e
1071 1550 1299 1612 Αζγὸαηι.
1367 1542 1457 1597 Sic

440 1630 612 1691 enim,
633 1626 804 1698 inquit
818 1667 834 1693 ,
863 1626 994 1679 solet
1020 1625 1255 1677 Avienus
1287 1622 1456 1676 corri-

437 1728 598 1783 pere,
614 1726 734 1780 qua
757 1706 827 1759 ab
851 1705 966 1758 aliis
989 1704 1238 1756 omnibus
1260 1702 1458 1774 produ·

439 1801 654 1853 cuntur,
674 1805 726 1838 v.
751 1784 854 1838 635
877 1802 891 1837 τ
916 1809 941 1830 ιι
955 1784 1022 1835 In
1049 1782 1334 1835 matutinos
1356 1782 1456 1835 Pa-

439 1868 644 1941 chynos
669 1863 948 1919 deducitur
974 1873 1120 1915 ortus
1136 1899 1154 1925 ,
1180 1872 1278 1915 etc.
1297 1887 1322 1907 ι·
1348 1859 1455 1915 Sed

438 1966 549 2000 non
589 1944 874 2015 cogitabat,
893 1954 1163 1995 auctorem
1197 1960 1320 1994 eum
1354 1940 1454 1993 ha·

442 2026 612 2079 buisse
654 2022 997 2095 Dionysium,
1020 2040 1070 2075 v.
1107 2023 1210 2089 469
1237 2033 1291 2074 et
1317 2028 1415 2093 471
1431 2058 1448 2085 ,

440 2122 669 2175 eumque
685 2102 878 2174 pariter
896 2115 1178 2173 sequutum
1199 2101 1452 2154 Priscian.

441 2204 495 2236 v.
531 2184 631 2245 480
669 2194 722 2233 et
761 2182 879 2244 482.
914 2180 1076 2232 Scan.
1113 2181 1194 2232 De
1221 2179 1373 2232 Abila
1409 2191 1463 2232 et

441 2262 606 2333 Calpe
638 2277 803 2330 prope
843 2258 1010 2309 fusius
1043 2257 1152 2327 agit
1179 2257 1372 2310 Noster
1403 2258 1461 2309 in

445 2342 544 2395 Or.
573 2357 704 2392 mar.
726 2355 802 2393 vs.
825 2338 894 2390 86
921 2349 973 2391 et
1000 2335 1118 2399 342.
1137 2336 1463 2392 W.—Abila

449 2422 583 2472 Ven.
620 2417 754 2471 vad.
796 2427 848 2468 et
881 2415 1018 2468 Pith.
1049 2415 1267 2488 ubique.
1299 2421 1464 2484 Abla

449 2501 610 2570 Cusp.
628 2510 681 2552 et
703 2493 870 2550 Huds.
887 2495 975 2549 hic
992 2532 1008 2558 ‚
1029 2495 1198 2550 sedin
1219 2496 1314 2549 Or.
1331 2513 1462 2549 mar.

450 2583 519 2633 86
552 2593 604 2632 et
639 2578 740 2642 342
781 2593 964 2629 rursus
990 2578 1152 2630 Abila.
1184 2574 1466 2630 Hudsonus

449 2662 572 2712 item
601 2658 830 2712 scribere
863 2654 1063 2709 mavult
1084 2659 1268 2708 Maura
1285 2659 1463 2722 Abba.

527 2759 548 2792 ι
563 2758 645 2791 12.
680 2743 772 2790 Hic
809 2756 954 2806 super
986 2737 1146 2788 urbem
1175 2737 1465 2790 Massiliam.

451 2817 622 2872 Huds.
663 2817 890 2889 conjecit
926 2819 1019 2868 hoe
1053 2835 1233 2884 super.-
1253 2828 1470 2887 praestat

453 2916 581 2953 vero
602 2902 732 2949 hunc
750 2915 905 2964 super.
935 2895 1014 2947 Ita
1039 2897 1376 2965 supet-flumen
1405 2915 1468 2948 ex

451 2977 591 3030 Livii
610 2973 863 3047 loquendi
891 2971 1274 3026 consuetudine
1297 2985 1376 3026 est
1397 2980 1472 3026 ad

435 3061 630 3128 flumen
643 3095 658 3116 ,
679 3055 734 3107 in
752 3054 867 3125 ripa
885 3051 1130 3106 fluminis.
1149 3053 1376 3121 (Duker.
1398 3053 1468 3107 ad

455 3140 571 3192 Liv.
601 3137 675 3202 V,
709 3134 864 3206 7²9·)
895 3132 1128 3185 Avienus
1166 3143 1344 3184 tamen
1381 3152 1471 3186 ex-

456 3219 647 3292 pressit
669 3213 910 3288 Dionysii·
933 3217 1045 3266 {voa
1058 3250 1072 3271 .
1101 3209 1168 3263 de
1195 3229 1344 3265 more
1370 3231 1466 3265 au·

455 3312 562 3353 tem
613 3316 721 3350 non
763 3293 932 3347 vertit.
985 3295 1142 3359 Super·
1185 3289 1474 3362 aliquando

457 3376 596 3450 apud
611 3377 761 3428 illum
776 3373 1050 3436 πλεονάζει.
1065 3369 1190 3423 vid.
1203 3369 1470 3423 Phoenom.

458 3477 513 3510 v.
555 3474 678 3526 907,
697 3454 851 3506 Grot.
873 3453 1036 3505 Smin.
1065 3451 1195 3516 Quae
1222 3459 1472 3520 praterea

457 3535 546 3587 hic
586 3532 732 3584 addit
774 3529 1128 3594 Schrader-us,
1157 3529 1210 3580 in
1253 3528 1338 3581 his
1377 3528 1473 3581 flu-

461 3625 664 3666 ctuasse
705 3608 787 3660 vir
821 3607 1032 3662 doctiss.
1075 3627 1174 3661 nec
1212 3608 1311 3661 sibi
1349 3607 1472 3660 satis

463 3690 648 3744 fecisse
698 3685 926 3740 videtur.
991 3685 1104 3757 Ego
1164 3685 1473 3739 servandam

463 3768 702 3824 existimo
752 3765 1025 3818 lectionem
1065 3766 1332 3837 vulgatam
1381 3770 1476 3819 Hic

460 3860 680 3920 propter
703 3843 944 3916 Dionysii
969 3856 1108 3918 1202,
1137 3857 1190 3896 et
1213 3847 1475 3901 Avienum

1542 1142 1628 1196 vel
1682 1140 1940 1194 habitare.
1990 1136 2185 1192 Suadet
2236 1133 2515 1207 Dionysius
2536 1170 2554 1197 ‚

1543 1222 1637 1293 qui
1661 1240 1714 1276 v.
1748 1220 1813 1291 75
1841 1219 2003 1273 habet
2027 1222 2153 1292 γαῖα
2176 1222 2474 1279 Maenali-n,
2506 1224 2559 1267 et

1542 1302 1874 1369 Eustathius,
1901 1301 1995 1376 qui
2036 1311 2244 1366 monet,
2270 1296 2559 1351 Massiliam

1544 1400 1695 1455 eque
1718 1394 1945 1447 terram,
1961 1392 2117 1455 atque
2143 1379 2331 1433 urbem
2357 1374 2557 1431 vocari.

1544 1461 1893 1516 W.—vh¹›em
1916 1462 2208 1517 Massiliam.
2238 1461 2356 1509 Urbs
2384 1458 2565 1509 Massi·

1546 1544 1640 1601 lia,
1663 1552 1724 1592 ut
1766 1544 1878 1591 urbs
1918 1545 2141 1609 Apamea
2178 1557 2228 1591 v.
2276 1537 2438 1600 1082,
2467 1534 2560 1589 ubi

1543 1620 1719 1691 plura.
1755 1618 2052 1672 Priscianus
2081 1628 2244 1669 totam
2271 1614 2563 1669 Massiliam

1546 1698 2074 1752 omisit.Scnn.——Hie
2086 1717 2241 1766 super.
2250 1695 2387 1748 Ven.
2403 1694 2564 1766 Cusp-

1544 1776 1685 1830 Pith.
1726 1780 1857 1830 hune
1894 1796 2040 1846 super
2066 1774 2205 1829 vad.
2248 1787 2300 1828 et
2340 1772 2563 1827 Schrad-

1545 1876 1690 1925 ,πεφει-
1711 1860 1872 1909 orbem
1898 1855 2160 1926 dederunt
2174 1855 2310 1907 Ven.
2328 1856 2377 1906 et
2402 1852 2563 1925 Cusp.

1542 1935 1690 2008 quod
1716 1936 1772 1989 in
1797 1940 1960 1989 urbem
1982 1944 2324 1990 correxerunt
2342 1931 2485 1986 vad.
2513 1943 2567 1987 et

1542 2025 1833 2087 sequentes.
2330 2034 2341 2041 ·

1624 2097 1739 2151 115.
1774 2100 1892 2148 Pubi
1930 2116 2108 2165 genus.
2145 2094 2321 2149 Pubefl
2353 2084 2567 2164 gentem

1548 2166 1803 2247 integram
1818 2212 1834 2239 ,
1854 2174 2117 2247 populum
2141 2173 2397 2245 designat.
2418 2171 2567 2225 Pari·-

1554 2268 1633 2310 ter
1664 2274 1713 2308 ν.
1746 2256 1843 2317 148
1860 2295 1875 2322 ,
1914 2256 1997 2308 sui
2042 2272 2250 2325 semper
2294 2252 2475 2306 similis
2515 2263 2567 2304 et

1554 2350 1825 2395 enarrator
1856 2355 1870 2390 :
1910 2338 2057 2390 ‘mr-ia
2104 2339 2397 2406 populorum
2440 2336 2568 2406 pube

1552 2423 1817 2470 domamus·
1851 2424 1988 2470 Arva
2034 2419 2142 2470 soli.
2193 2417 2395 2468 Bau-u.
2431 2414 2566 2469 Adv.

1554 2498 1730 2551 XLIX
1741 2537 1757 2564 ,
1772 2516 1794 2549 1
1803 2497 1849 2550 3.
1860 2497 2003 2551 Addi·
2013 2508 2183 2569 potest
2194 2495 2377 2552 Horat.
2390 2495 2567 2548 Carm.

1554 2577 1652 2642 IV,
1667 2584 1696 2640 4
1710 2617 1726 2645 ,
1737 2579 1802 2640 46
1820 2594 1835 2629 ε
1852 2603 1877 2626 α
1891 2577 2015 2630 Post
2028 2575 2130 2630 hoc
2144 2573 2388 2632 secundis
2402 2593 2571 2646 usque

1555 2655 1821 2710 laboribus
1862 2658 2097 2710 Romana
2139 2656 2305 2730 pubes
2346 2656 2514 2709 crevit
2526 2681 2567 2708 ιο.

1556 2735 1760 2814 Nempe
1782 2737 1848 2788 ab
1866 2735 2082 2789 Horatio
2104 2746 2156 2787 et
2178 2735 2292 2788 aliis
2312 2735 2481 2807 pubes
2502 2731 2572 2787 de

1556 2815 1788 2868 exercitu
1814 2815 2037 2868 maxime
2057 2826 2109 2868 et
2130 2828 2491 2870 succrescente
2512 2816 2573 2868 in

1554 2894 1696 2949 bella
1712 2899 1990 2968 juventute
2012 2894 2285 2967 accipitur.
2306 2895 2571 2950 Ceterum

1558 2974 1663 3029 hoc
1696 2995 1853 3030 versu
1889 2976 2112 3029 imitatio
2150 2987 2229 3029 est
2261 2977 2416 3052 virg.
2442 2979 2569 3030 AEn.

1560 3056 1619 3118 1,
1650 3056 1785 3108 380:
1813 3055 2062 3108 «Italiam
2101 3073 2281 3128 quero
2316 3057 2573 3128 patriam,

1558 3152 1725 3205 genus
1751 3134 1820 3186 ab
1840 3135 1975 3188 Jove
1998 3153 2205 3189 summo
2220 3163 2261 3188 ιι.
2280 3136 2381 3192 W.

1636 3231 1657 3265 ι
1672 3215 1751 3266 ι6.
1776 3219 1867 3264 Per
1889 3215 2131 3282 inhospita
2161 3229 2306 3268 ter-m
2324 3255 2341 3281 ,
2367 3235 2463 3288 per
2486 3235 2572 3270 re-

1562 3292 1743 3362 giones
1768 3305 1820 3344 et
1847 3304 2011 3346 terras
2036 3293 2383 3347 barbarorum
2409 3305 2463 3348 et
2495 3295 2575 3347 fe·

1560 3372 1766 3424 rocium
1791 3373 2141 3444 populorum,
2160 3371 2436 3426 Gallorum
2460 3394 2574 3428 ma·

1560 3451 1697 3504 xime
1729 3464 1783 3505 et
1814 3452 2233 3518 Germanorum,
2250 3453 2344 3524 qui
2376 3453 2447 3506 ad
2485 3455 2576 3509 Se-

1558 3532 1928 3602 ptemtrionem
1960 3531 2126 3585 Italia
2163 3531 2577 3587 habitant—Sic

1560 3627 1773 3682 quoque
1800 3610 1939 3663 Galli
1958 3610 2209 3664 dicuntur
2232 3625 2392 3666 eruces
2420 3611 2579 3666 Clau-

1560 3685 1720 3740 diano
1754 3688 1809 3740 in
1844 3687 1960 3742 Ruf.
1994 3690 2079 3753 11,
2128 3706 2241 3741 110.
2280 3687 2576 3744 Dictionem

1552 3787 1650 3836 per
1679 3770 1922 3838 inhospita
1964 3783 2109 3820 τοι-νει·
2146 3767 2337 3820 Noster
2383 3769 2577 3821 iterum

1560 3859 1782 3918 usurpat
1824 3866 1903 3900 vs.
1940 3852 2082 3909 4²²²
2133 3870 2157 3892 ι
2194 3844 2582 3919 Gallorumque

457 3925 786 3998 gignificum,
826 3921 1016 3975 Graios
1054 3941 1231 3994 super,
1279 3924 1348 3978 ad
1388 3927 1479 3978 vel
1564 3935 1737 3978 truces
1776 3923 1958 3996 populi
1993 3941 2088 3995 per
2126 3921 2388 3996 inhospita
2430 3937 2579 3982 temo

457 4009 596 4061 circa
641 3999 958 4068 Massiliam,
982 3999 1088 4055 boc
1128 4015 1238 4069 est,
1261 4004 1319 4056 in
1345 4023 1474 4076 agro

461 4083 727 4150 Massilia,
759 4093 816 4136 ut
859 4081 914 4133 in
957 4081 1068 4157 ipsa
1109 4082 1267 4147 urbe,
1303 4083 1476 4138 colere

1564 4004 1741 4056 Vitam
1767 4004 2023 4075 agitant».
2058 4001 2126 4054 Et
2158 4021 2206 4054 v,
2242 4005 2410 4071 1039:
2441 4007 2579 4060 inho.-

1566 4085 1688 4152 spr'ta
1716 4101 1917 4151 σφισι-α
1948 4096 2107 4134 terra’.
2138 4081 2238 4135 En.
