<?xml version="1.0" encoding="UTF-8"?>
<!DOCTYPE html PUBLIC "-//W3C//DTD XHTML 1.0 Transitional//EN"
    "http://www.w3.org/TR/xhtml1/DTD/xhtml1-transitional.dtd">
<html xmlns="http://www.w3.org/1999/xhtml" xml:lang="en" lang="en">
 <head>
  <title>
</title>
<meta http-equiv="Content-Type" content="text/html;charset=utf-8" />
  <meta name='ocr-system' content='tesseract 3.04.00' />
  <meta name='ocr-capabilities' content='ocr_page ocr_carea ocr_par ocr_line ocrx_word'/>
</head>
<body>
  <div class='ocr_page' id='page_1' title='image "./poetaelatinimin01unkngoog_0544.png"; bbox 0 0 2996 4685; ppageno 0'>
   <div class='ocr_carea' id='block_1_1' title="bbox 316 443 1246 464">
    <p class='ocr_par' dir='ltr' id='par_1_1' title="bbox 316 443 1246 464">
     <span class='ocr_line' id='line_1_1' title="bbox 316 443 1246 464; baseline -0.002 0"><span class='ocrx_word' id='word_1_1' title='bbox 316 443 1246 464; x_wconf 50' lang='lat' dir='ltr'><strong>mmmmmmmfim</strong></span> 
     </span>
    </p>
   </div>
   <div class='ocr_carea' id='block_1_2' title="bbox 1247 443 1682 464">
    <p class='ocr_par' dir='ltr' id='par_1_2' title="bbox 1247 443 1682 464">
     <span class='ocr_line' id='line_1_2' title="bbox 1247 443 1682 464; baseline 0 4221"><span class='ocrx_word' id='word_1_2' title='bbox 1247 443 1682 464; x_wconf 95' lang='lat' dir='ltr'><strong> </strong></span> 
     </span>
    </p>
   </div>
   <div class='ocr_carea' id='block_1_3' title="bbox 1684 443 2459 464">
    <p class='ocr_par' dir='ltr' id='par_1_3' title="bbox 1684 443 2459 464">
     <span class='ocr_line' id='line_1_3' title="bbox 1684 443 2459 464; baseline 0.001 -3"><span class='ocrx_word' id='word_1_3' title='bbox 1684 443 1773 462; x_wconf 61' lang='lat' dir='ltr'><strong>m</strong></span> <span class='ocrx_word' id='word_1_4' title='bbox 1777 443 2459 464; x_wconf 59' lang='lat' dir='ltr'><strong>mmmmm</strong></span> 
     </span>
    </p>
   </div>
   <div class='ocr_carea' id='block_1_4' title="bbox 366 699 2421 1084">
    <p class='ocr_par' dir='ltr' id='par_1_4' title="bbox 366 699 2421 1084">
     <span class='ocr_line' id='line_1_4' title="bbox 693 699 2088 791; baseline -0.001 -3"><span class='ocrx_word' id='word_1_5' title='bbox 693 701 1026 790; x_wconf 83' lang='lat' dir='ltr'><strong>RUFI</strong></span> <span class='ocrx_word' id='word_1_6' title='bbox 1098 699 1510 791; x_wconf 85' lang='lat' dir='ltr'>FESTI</span> <span class='ocrx_word' id='word_1_7' title='bbox 1581 700 2088 791; x_wconf 83' lang='lat' dir='ltr'><strong>AVIENI</strong></span> 
     </span>
     <span class='ocr_line' id='line_1_5' title="bbox 366 955 2421 1084; baseline 0.001 -8"><span class='ocrx_word' id='word_1_8' title='bbox 366 955 1591 1084; x_wconf 87' lang='lat' dir='ltr'><strong>PHAENOMENA</strong></span> <span class='ocrx_word' id='word_1_9' title='bbox 1672 957 2421 1082; x_wconf 82' lang='lat' dir='ltr'><strong>ARATEA.</strong></span> 
     </span>
    </p>
   </div>
   <div class='ocr_carea' id='block_1_5' title="bbox 1005 1247 1793 1280">
    <p class='ocr_par' dir='ltr' id='par_1_5' title="bbox 1005 1247 1793 1280">
     <span class='ocr_line' id='line_1_6' title="bbox 1005 1247 1793 1280; baseline 0 3405"><span class='ocrx_word' id='word_1_10' title='bbox 1005 1247 1793 1280; x_wconf 95' lang='lat' dir='ltr'><strong> </strong></span> 
     </span>
    </p>
   </div>
   <div class='ocr_carea' id='block_1_6' title="bbox 425 1445 2488 2252">
    <p class='ocr_par' dir='ltr' id='par_1_6' title="bbox 425 1445 2409 1923">
     <span class='ocr_line' id='line_1_7' title="bbox 430 1445 2275 1589; baseline 0.002 -29"><span class='ocrx_word' id='word_1_11' title='bbox 430 1445 842 1568; x_wconf 71' lang='lat' dir='ltr'><strong>Cnunms</strong></span> <span class='ocrx_word' id='word_1_12' title='bbox 878 1494 1188 1588; x_wconf 85' lang='lat' dir='ltr'><strong>inceptor</strong></span> <span class='ocrx_word' id='word_1_13' title='bbox 1219 1493 1390 1563; x_wconf 87' lang='lat' dir='ltr'><strong>mihi</strong></span> <span class='ocrx_word' id='word_1_14' title='bbox 1422 1498 1458 1564; x_wconf 87' lang='lat' dir='ltr'>J</span> <span class='ocrx_word' id='word_1_15' title='bbox 1467 1495 1729 1589; x_wconf 76' lang='lat' dir='ltr'><strong>upiter3</strong></span> <span class='ocrx_word' id='word_1_16' title='bbox 1756 1496 2027 1589; x_wconf 78' lang='lat' dir='ltr'><strong>auspice</strong></span> <span class='ocrx_word' id='word_1_17' title='bbox 2062 1508 2275 1564; x_wconf 83' lang='lat' dir='ltr'><strong>terras</strong></span> 
     </span>
     <span class='ocr_line' id='line_1_8' title="bbox 425 1602 2409 1699; baseline 0.001 -29"><span class='ocrx_word' id='word_1_18' title='bbox 425 1602 698 1697; x_wconf 89' lang='lat' dir='ltr'><strong>Linquo</strong></span> <span class='ocrx_word' id='word_1_19' title='bbox 735 1606 932 1692; x_wconf 84' lang='lat' dir='ltr'><strong>Jove3</strong></span> <span class='ocrx_word' id='word_1_20' title='bbox 969 1602 1293 1673; x_wconf 84' lang='lat' dir='ltr'><strong>excelsam</strong></span> <span class='ocrx_word' id='word_1_21' title='bbox 1331 1619 1585 1674; x_wconf 85' lang='lat' dir='ltr'><strong>reserat</strong></span> <span class='ocrx_word' id='word_1_22' title='bbox 1622 1605 1761 1674; x_wconf 81' lang='lat' dir='ltr'><strong>dux</strong></span> <span class='ocrx_word' id='word_1_23' title='bbox 1789 1605 2056 1699; x_wconf 82' lang='lat' dir='ltr'><strong>Jupiter</strong></span> <span class='ocrx_word' id='word_1_24' title='bbox 2092 1604 2409 1690; x_wconf 78' lang='lat' dir='ltr'><strong>aethram3</strong></span> 
     </span>
     <span class='ocr_line' id='line_1_9' title="bbox 429 1713 2324 1802; baseline 0.001 -20"><span class='ocrx_word' id='word_1_25' title='bbox 429 1716 613 1783; x_wconf 90' lang='lat' dir='ltr'><strong>Imus</strong></span> <span class='ocrx_word' id='word_1_26' title='bbox 651 1716 719 1783; x_wconf 90' lang='lat' dir='ltr'><strong>in</strong></span> <span class='ocrx_word' id='word_1_27' title='bbox 763 1729 943 1785; x_wconf 86' lang='lat' dir='ltr'><strong>astra</strong></span> <span class='ocrx_word' id='word_1_28' title='bbox 985 1719 1168 1785; x_wconf 78' lang='lat' dir='ltr'><strong>Iovis</strong></span> <span class='ocrx_word' id='word_1_29' title='bbox 1217 1717 1523 1801; x_wconf 83' lang='lat' dir='ltr'><strong>monitu3</strong></span> <span class='ocrx_word' id='word_1_30' title='bbox 1561 1717 1743 1785; x_wconf 86' lang='lat' dir='ltr'><strong>Jovis</strong></span> <span class='ocrx_word' id='word_1_31' title='bbox 1779 1716 2007 1785; x_wconf 89' lang='lat' dir='ltr'><strong>omine</strong></span> <span class='ocrx_word' id='word_1_32' title='bbox 2044 1713 2280 1786; x_wconf 79' lang='lat' dir='ltr'><strong>caelum</strong></span> <span class='ocrx_word' id='word_1_33' title='bbox 2304 1771 2324 1802; x_wconf 93' lang='lat'>‚</span> 
     </span>
     <span class='ocr_line' id='line_1_10' title="bbox 431 1825 2061 1923; baseline 0.001 -29"><span class='ocrx_word' id='word_1_34' title='bbox 431 1828 518 1894; x_wconf 91' lang='lat' dir='ltr'><strong>Et</strong></span> <span class='ocrx_word' id='word_1_35' title='bbox 555 1826 737 1896; x_wconf 88' lang='lat' dir='ltr'><strong>Jovis</strong></span> <span class='ocrx_word' id='word_1_36' title='bbox 774 1826 1060 1923; x_wconf 86' lang='lat' dir='ltr'><strong>imperio</strong></span> <span class='ocrx_word' id='word_1_37' title='bbox 1102 1825 1503 1897; x_wconf 86' lang='lat' dir='ltr'><strong>mortalibus</strong></span> <span class='ocrx_word' id='word_1_38' title='bbox 1532 1826 1781 1896; x_wconf 82' lang='lat' dir='ltr'><strong>aethera</strong></span> <span class='ocrx_word' id='word_1_39' title='bbox 1815 1825 2061 1921; x_wconf 88' lang='lat' dir='ltr'><strong>pando.</strong></span> 
     </span>
    </p>

    <p class='ocr_par' dir='ltr' id='par_1_7' title="bbox 433 1936 2488 2252">
     <span class='ocr_line' id='line_1_11' title="bbox 534 1936 2488 2041; baseline 0 -37"><span class='ocrx_word' id='word_1_40' title='bbox 534 1936 662 2004; x_wconf 91' lang='lat' dir='ltr'><strong>Hic</strong></span> <span class='ocrx_word' id='word_1_41' title='bbox 699 1939 936 2024; x_wconf 83' lang='lat' dir='ltr'><strong>statio,</strong></span> <span class='ocrx_word' id='word_1_42' title='bbox 965 1937 1078 2006; x_wconf 90' lang='lat' dir='ltr'><strong>hic</strong></span> <span class='ocrx_word' id='word_1_43' title='bbox 1121 1937 1306 2007; x_wconf 85' lang='lat' dir='ltr'><strong>sedes</strong></span> <span class='ocrx_word' id='word_1_44' title='bbox 1349 1937 1555 2033; x_wconf 89' lang='lat' dir='ltr'><strong>primi</strong></span> <span class='ocrx_word' id='word_1_45' title='bbox 1594 1937 1841 2041; x_wconf 82' lang='lat' dir='ltr'><strong>patris3</strong></span> <span class='ocrx_word' id='word_1_46' title='bbox 1874 1937 1997 2005; x_wconf 86' lang='lat' dir='ltr'><strong>iste</strong></span> <span class='ocrx_word' id='word_1_47' title='bbox 2035 1937 2295 2032; x_wconf 87' lang='lat' dir='ltr'><strong>paterni</strong></span> <span class='ocrx_word' id='word_1_48' title='bbox 2467 1957 2488 1993; x_wconf 82' lang='lat'>⁵</span> 
     </span>
     <span class='ocr_line' id='line_1_12' title="bbox 433 2045 2133 2140; baseline 0.001 -26"><span class='ocrx_word' id='word_1_49' title='bbox 433 2045 850 2140; x_wconf 89' lang='lat' dir='ltr'><strong>Principium</strong></span> <span class='ocrx_word' id='word_1_50' title='bbox 889 2061 1143 2134; x_wconf 88' lang='lat' dir='ltr'><strong>motus,</strong></span> <span class='ocrx_word' id='word_1_51' title='bbox 1165 2048 1265 2118; x_wconf 88' lang='lat' dir='ltr'><strong>vis</strong></span> <span class='ocrx_word' id='word_1_52' title='bbox 1303 2046 1603 2117; x_wconf 84' lang='lat' dir='ltr'>fulminis</span> <span class='ocrx_word' id='word_1_53' title='bbox 1635 2049 1758 2116; x_wconf 88' lang='lat' dir='ltr'><strong>iste</strong></span> <span class='ocrx_word' id='word_1_54' title='bbox 1794 2048 2133 2132; x_wconf 77' lang='lat' dir='ltr'><strong>corusci„</strong></span> 
     </span>
     <span class='ocr_line' id='line_1_13' title="bbox 437 2155 2227 2252; baseline -0.001 -26"><span class='ocrx_word' id='word_1_55' title='bbox 437 2158 596 2226; x_wconf 86' lang='lat' dir='ltr'><strong>Vita</strong></span> <span class='ocrx_word' id='word_1_56' title='bbox 633 2155 1158 2246; x_wconf 78' lang='lat' dir='ltr'><strong>elementorum,</strong></span> <span class='ocrx_word' id='word_1_57' title='bbox 1188 2159 1428 2229; x_wconf 91' lang='lat' dir='ltr'><strong>mundi</strong></span> <span class='ocrx_word' id='word_1_58' title='bbox 1465 2158 1675 2244; x_wconf 87' lang='lat' dir='ltr'><strong>calor,</strong></span> <span class='ocrx_word' id='word_1_59' title='bbox 1710 2157 1977 2228; x_wconf 84' lang='lat' dir='ltr'><strong>aetheris</strong></span> <span class='ocrx_word' id='word_1_60' title='bbox 2012 2158 2187 2252; x_wconf 85' lang='lat' dir='ltr'><strong>ignis</strong></span> <span class='ocrx_word' id='word_1_61' title='bbox 2208 2212 2227 2245; x_wconf 89' lang='lat'><strong>,</strong></span> 
     </span>
    </p>
   </div>
   <div class='ocr_carea' id='block_1_7' title="bbox 416 2346 2495 2423">
    <p class='ocr_par' dir='ltr' id='par_1_8' title="bbox 416 2346 2495 2423">
     <span class='ocr_line' id='line_1_14' title="bbox 416 2346 2495 2423; baseline -0.001 -23"><span class='ocrx_word' id='word_1_62' title='bbox 416 2354 559 2413; x_wconf 75' lang='lat'>1-14.</span> <span class='ocrx_word' id='word_1_63' title='bbox 595 2348 783 2402; x_wconf 82' lang='lat' dir='ltr'><strong>Paullo</strong></span> <span class='ocrx_word' id='word_1_64' title='bbox 811 2350 1026 2404; x_wconf 86' lang='lat' dir='ltr'><strong>uberius</strong></span> <span class='ocrx_word' id='word_1_65' title='bbox 1063 2348 1255 2405; x_wconf 83' lang='lat' dir='ltr'><strong>laudes</strong></span> <span class='ocrx_word' id='word_1_66' title='bbox 1279 2350 1370 2402; x_wconf 87' lang='lat' dir='ltr'><strong>Jo-</strong></span> <span class='ocrx_word' id='word_1_67' title='bbox 1459 2348 1665 2421; x_wconf 82' lang='lat' dir='ltr'><strong>Perieg.</strong></span> <span class='ocrx_word' id='word_1_68' title='bbox 1703 2367 1784 2403; x_wconf 86' lang='lat' dir='ltr'><strong>vs.</strong></span> <span class='ocrx_word' id='word_1_69' title='bbox 1821 2350 1926 2423; x_wconf 86' lang='lat'><strong>896</strong></span> <span class='ocrx_word' id='word_1_70' title='bbox 1947 2386 1963 2412; x_wconf 85' lang='lat'><strong>,</strong></span> <span class='ocrx_word' id='word_1_71' title='bbox 2002 2346 2201 2403; x_wconf 73' lang='lat' dir='ltr'><strong>mavult</strong></span> <span class='ocrx_word' id='word_1_72' title='bbox 2238 2352 2495 2409; x_wconf 74' lang='lat' dir='ltr'><strong>incentor,</strong></span> 
     </span>
    </p>
   </div>
   <div class='ocr_carea' id='block_1_8' title="bbox 341 2427 2500 2658">
    <p class='ocr_par' dir='ltr' id='par_1_9' title="bbox 341 2427 2500 2658">
     <span class='ocr_line' id='line_1_15' title="bbox 341 2427 2500 2501; baseline -0 -21"><span class='ocrx_word' id='word_1_73' title='bbox 341 2428 424 2482; x_wconf 82' lang='lat' dir='ltr'><strong>vis</strong></span> <span class='ocrx_word' id='word_1_74' title='bbox 476 2440 824 2501; x_wconf 69' lang='lat' dir='ltr'><strong>persequutus</strong></span> <span class='ocrx_word' id='word_1_75' title='bbox 878 2440 956 2483; x_wconf 90' lang='lat' dir='ltr'><strong>est</strong></span> <span class='ocrx_word' id='word_1_76' title='bbox 1005 2430 1061 2483; x_wconf 89' lang='lat' dir='ltr'><strong>in</strong></span> <span class='ocrx_word' id='word_1_77' title='bbox 1109 2429 1372 2501; x_wconf 80' lang='lat' dir='ltr'><strong>prooemio</strong></span> <span class='ocrx_word' id='word_1_78' title='bbox 1459 2427 1789 2484; x_wconf 74' lang='lat' dir='ltr'><strong>adsentiente</strong></span> <span class='ocrx_word' id='word_1_79' title='bbox 1820 2427 2216 2483; x_wconf 83' lang='lat' dir='ltr'><strong>Wernsdorfio.</strong></span> <span class='ocrx_word' id='word_1_80' title='bbox 2258 2427 2500 2481; x_wconf 81' lang='lat' dir='ltr'><strong>Lectioni</strong></span> 
     </span>
     <span class='ocr_line' id='line_1_16' title="bbox 343 2505 2497 2580; baseline 0 -22"><span class='ocrx_word' id='word_1_81' title='bbox 343 2506 604 2572; x_wconf 84' lang='lat' dir='ltr'><strong>Avienus,</strong></span> <span class='ocrx_word' id='word_1_82' title='bbox 629 2524 790 2578; x_wconf 75' lang='lat' dir='ltr'><strong>quam</strong></span> <span class='ocrx_word' id='word_1_83' title='bbox 813 2508 1166 2562; x_wconf 76' lang='lat' dir='ltr'><strong>Germanicus</strong></span> <span class='ocrx_word' id='word_1_84' title='bbox 1191 2520 1244 2564; x_wconf 87' lang='lat' dir='ltr'><strong>et</strong></span> <span class='ocrx_word' id='word_1_85' title='bbox 1263 2510 1374 2580; x_wconf 87' lang='lat' dir='ltr'><strong>ipse</strong></span> <span class='ocrx_word' id='word_1_86' title='bbox 1459 2508 1589 2562; x_wconf 87' lang='lat' dir='ltr'><strong>huic</strong></span> <span class='ocrx_word' id='word_1_87' title='bbox 1628 2509 1840 2580; x_wconf 85' lang='lat' dir='ltr'><strong>pondus</strong></span> <span class='ocrx_word' id='word_1_88' title='bbox 1882 2507 2100 2580; x_wconf 81' lang='lat' dir='ltr'><strong>quidem</strong></span> <span class='ocrx_word' id='word_1_89' title='bbox 2145 2505 2299 2560; x_wconf 78' lang='lat' dir='ltr'><strong>addit</strong></span> <span class='ocrx_word' id='word_1_90' title='bbox 2342 2508 2497 2560; x_wconf 75' lang='lat' dir='ltr'><strong>Paul·</strong></span> 
     </span>
     <span class='ocr_line' id='line_1_17' title="bbox 344 2586 2500 2658; baseline 0 -21"><span class='ocrx_word' id='word_1_91' title='bbox 344 2588 538 2637; x_wconf 81' lang='lat' dir='ltr'><strong>Aratus</strong></span> <span class='ocrx_word' id='word_1_92' title='bbox 560 2622 578 2648; x_wconf 87' lang='lat'><strong>,</strong></span> <span class='ocrx_word' id='word_1_93' title='bbox 625 2586 700 2638; x_wconf 80' lang='lat' dir='ltr'><strong>ita</strong></span> <span class='ocrx_word' id='word_1_94' title='bbox 737 2598 918 2640; x_wconf 81' lang='lat' dir='ltr'><strong>tamen</strong></span> <span class='ocrx_word' id='word_1_95' title='bbox 937 2628 952 2653; x_wconf 89' lang='lat'><strong>,</strong></span> <span class='ocrx_word' id='word_1_96' title='bbox 998 2602 1058 2641; x_wconf 90' lang='lat' dir='ltr'><strong>ut</strong></span> <span class='ocrx_word' id='word_1_97' title='bbox 1102 2588 1372 2642; x_wconf 74' lang='lat' dir='ltr'><strong>rhetorem</strong></span> <span class='ocrx_word' id='word_1_98' title='bbox 1461 2588 1605 2641; x_wconf 87' lang='lat' dir='ltr'><strong>linus</strong></span> <span class='ocrx_word' id='word_1_99' title='bbox 1624 2590 1863 2643; x_wconf 81' lang='lat' dir='ltr'><strong>Nolanus</strong></span> <span class='ocrx_word' id='word_1_100' title='bbox 1880 2589 2081 2655; x_wconf 82' lang='lat' dir='ltr'><strong>(Carm.</strong></span> <span class='ocrx_word' id='word_1_101' title='bbox 2103 2586 2233 2651; x_wconf 80' lang='lat' dir='ltr'><strong>XV,</strong></span> <span class='ocrx_word' id='word_1_102' title='bbox 2260 2588 2380 2656; x_wconf 84' lang='lat'><strong>30),</strong></span> <span class='ocrx_word' id='word_1_103' title='bbox 2404 2586 2500 2658; x_wconf 88' lang='lat' dir='ltr'><strong>qui</strong></span> 
     </span>
    </p>
   </div>
   <div class='ocr_carea' id='block_1_9' title="bbox 345 2665 1379 2819">
    <p class='ocr_par' dir='ltr' id='par_1_10' title="bbox 345 2665 1379 2819">
     <span class='ocr_line' id='line_1_18' title="bbox 348 2665 1376 2740; baseline 0.003 -22"><span class='ocrx_word' id='word_1_104' title='bbox 348 2665 759 2718; x_wconf 71' lang='lat' dir='ltr'><strong>declamatorem</strong></span> <span class='ocrx_word' id='word_1_105' title='bbox 781 2666 975 2720; x_wconf 79' lang='lat' dir='ltr'><strong>sentias</strong></span> <span class='ocrx_word' id='word_1_106' title='bbox 990 2705 1006 2729; x_wconf 92' lang='lat'><strong>,</strong></span> <span class='ocrx_word' id='word_1_107' title='bbox 1024 2668 1376 2740; x_wconf 82' lang='lat' dir='ltr'><strong>philosopho-</strong></span> 
     </span>
     <span class='ocr_line' id='line_1_19' title="bbox 345 2741 1379 2819; baseline 0.003 -22"><span class='ocrx_word' id='word_1_108' title='bbox 345 2762 470 2797; x_wconf 86' lang='lat' dir='ltr'><strong>rum</strong></span> <span class='ocrx_word' id='word_1_109' title='bbox 492 2741 559 2797; x_wconf 90' lang='lat' dir='ltr'><strong>de</strong></span> <span class='ocrx_word' id='word_1_110' title='bbox 572 2762 750 2796; x_wconf 87' lang='lat' dir='ltr'><strong>rerum</strong></span> <span class='ocrx_word' id='word_1_111' title='bbox 768 2744 1031 2818; x_wconf 84' lang='lat' dir='ltr'><strong>principio</strong></span> <span class='ocrx_word' id='word_1_112' title='bbox 1047 2747 1238 2817; x_wconf 77' lang='lat' dir='ltr'><strong>placita</strong></span> <span class='ocrx_word' id='word_1_113' title='bbox 1251 2765 1379 2819; x_wconf 88' lang='lat' dir='ltr'><strong>poe-</strong></span> 
     </span>
    </p>
   </div>
   <div class='ocr_carea' id='block_1_10' title="bbox 1445 2666 2497 2738">
    <p class='ocr_par' dir='ltr' id='par_1_11' title="bbox 1445 2666 2497 2738">
     <span class='ocr_line' id='line_1_20' title="bbox 1445 2666 2497 2738; baseline -0.003 -18"><span class='ocrx_word' id='word_1_114' title='bbox 1445 2668 1613 2721; x_wconf 78' lang='lat' dir='ltr'><strong>·hunc</strong></span> <span class='ocrx_word' id='word_1_115' title='bbox 1639 2686 1851 2722; x_wconf 86' lang='lat' dir='ltr'><strong>versum</strong></span> <span class='ocrx_word' id='word_1_116' title='bbox 1890 2670 1959 2720; x_wconf 77' lang='lat' dir='ltr'><strong>ab</strong></span> <span class='ocrx_word' id='word_1_117' title='bbox 1995 2668 2197 2720; x_wconf 80' lang='lat' dir='ltr'><strong>Avieno</strong></span> <span class='ocrx_word' id='word_1_118' title='bbox 2236 2666 2497 2738; x_wconf 85' lang='lat' dir='ltr'><strong>sumpsit:</strong></span> 
     </span>
    </p>
   </div>
   <div class='ocr_carea' id='block_1_11' title="bbox 1467 2747 2505 2819">
    <p class='ocr_par' dir='ltr' id='par_1_12' title="bbox 1467 2747 2505 2819">
     <span class='ocr_line' id='line_1_21' title="bbox 1467 2747 2505 2819; baseline -0.001 -19"><span class='ocrx_word' id='word_1_119' title='bbox 1467 2748 1627 2800; x_wconf 86' lang='lat' dir='ltr'><strong>-Non</strong></span> <span class='ocrx_word' id='word_1_120' title='bbox 1653 2766 1753 2819; x_wconf 83' lang='lat' dir='ltr'><strong>ego</strong></span> <span class='ocrx_word' id='word_1_121' title='bbox 1782 2747 2106 2810; x_wconf 76' lang='lat' dir='ltr'><strong>Castalidas,</strong></span> <span class='ocrx_word' id='word_1_122' title='bbox 2125 2758 2310 2799; x_wconf 77' lang='lat' dir='ltr'><strong>vatum</strong></span> <span class='ocrx_word' id='word_1_123' title='bbox 2340 2748 2505 2817; x_wconf 77' lang='lat' dir='ltr'><strong>phau·</strong></span> 
     </span>
    </p>
   </div>
   <div class='ocr_carea' id='block_1_12' title="bbox 347 2823 2505 2897">
    <p class='ocr_par' dir='ltr' id='par_1_13' title="bbox 347 2823 2505 2897">
     <span class='ocr_line' id='line_1_22' title="bbox 347 2823 2505 2897; baseline 0 -21"><span class='ocrx_word' id='word_1_124' title='bbox 347 2824 466 2877; x_wconf 85' lang='lat' dir='ltr'><strong>ticis</strong></span> <span class='ocrx_word' id='word_1_125' title='bbox 493 2823 772 2895; x_wconf 82' lang='lat' dir='ltr'><strong>pigmentis</strong></span> <span class='ocrx_word' id='word_1_126' title='bbox 795 2837 1158 2879; x_wconf 70' lang='lat' dir='ltr'><strong>exon-nantem.</strong></span> <span class='ocrx_word' id='word_1_127' title='bbox 1181 2828 1246 2879; x_wconf 86' lang='lat' dir='ltr'><strong>In</strong></span> <span class='ocrx_word' id='word_1_128' title='bbox 1273 2826 1381 2897; x_wconf 90' lang='lat' dir='ltr'><strong>pri·</strong></span> <span class='ocrx_word' id='word_1_129' title='bbox 1466 2838 1713 2891; x_wconf 72' lang='lat' dir='ltr'><strong>tusmata,</strong></span> <span class='ocrx_word' id='word_1_130' title='bbox 1732 2826 1935 2891; x_wconf 80' lang='lat' dir='ltr'><strong>Musas,</strong></span> <span class='ocrx_word' id='word_1_131' title='bbox 1958 2826 2068 2878; x_wconf 88' lang='lat' dir='ltr'><strong>Nec</strong></span> <span class='ocrx_word' id='word_1_132' title='bbox 2090 2823 2316 2877; x_wconf 86' lang='lat' dir='ltr'><strong>surdum</strong></span> <span class='ocrx_word' id='word_1_133' title='bbox 2336 2824 2505 2877; x_wconf 78' lang='lat' dir='ltr'><strong>Aonia</strong></span> 
     </span>
    </p>
   </div>
   <div class='ocr_carea' id='block_1_13' title="bbox 349 2904 1402 4254">
    <p class='ocr_par' dir='ltr' id='par_1_14' title="bbox 349 2904 1402 4254">
     <span class='ocr_line' id='line_1_23' title="bbox 349 2904 1380 2977; baseline 0 -20"><span class='ocrx_word' id='word_1_134' title='bbox 349 2904 450 2957; x_wconf 88' lang='lat' dir='ltr'><strong>mis</strong></span> <span class='ocrx_word' id='word_1_135' title='bbox 479 2916 714 2977; x_wconf 77' lang='lat' dir='ltr'><strong>quatuor</strong></span> <span class='ocrx_word' id='word_1_136' title='bbox 748 2905 989 2957; x_wconf 86' lang='lat' dir='ltr'><strong>versibus</strong></span> <span class='ocrx_word' id='word_1_137' title='bbox 1027 2924 1131 2958; x_wconf 88' lang='lat' dir='ltr'><strong>una</strong></span> <span class='ocrx_word' id='word_1_138' title='bbox 1169 2904 1380 2958; x_wconf 80' lang='lat' dir='ltr'><strong>eadem-</strong></span> 
     </span>
     <span class='ocr_line' id='line_1_24' title="bbox 351 2985 1386 3058; baseline 0.001 -21"><span class='ocrx_word' id='word_1_139' title='bbox 351 3002 457 3057; x_wconf 85' lang='lat' dir='ltr'><strong>que</strong></span> <span class='ocrx_word' id='word_1_140' title='bbox 483 2986 743 3039; x_wconf 82' lang='lat' dir='ltr'><strong>sententia</strong></span> <span class='ocrx_word' id='word_1_141' title='bbox 773 2985 826 3037; x_wconf 86' lang='lat' dir='ltr'><strong>in</strong></span> <span class='ocrx_word' id='word_1_142' title='bbox 854 2986 1043 3058; x_wconf 84' lang='lat' dir='ltr'><strong>quovis</strong></span> <span class='ocrx_word' id='word_1_143' title='bbox 1067 3004 1246 3050; x_wconf 83' lang='lat' dir='ltr'><strong>versu,</strong></span> <span class='ocrx_word' id='word_1_144' title='bbox 1271 3004 1386 3038; x_wconf 85' lang='lat' dir='ltr'><strong>mu-</strong></span> 
     </span>
     <span class='ocr_line' id='line_1_25' title="bbox 352 3066 1382 3133; baseline 0 -15"><span class='ocrx_word' id='word_1_145' title='bbox 352 3066 472 3119; x_wconf 77' lang='lat' dir='ltr'><strong>tatis</strong></span> <span class='ocrx_word' id='word_1_146' title='bbox 519 3078 722 3119; x_wconf 72' lang='lat' dir='ltr'><strong>tantum</strong></span> <span class='ocrx_word' id='word_1_147' title='bbox 777 3066 952 3119; x_wconf 85' lang='lat' dir='ltr'><strong>verbis</strong></span> <span class='ocrx_word' id='word_1_148' title='bbox 970 3108 985 3133; x_wconf 89' lang='lat'><strong>,</strong></span> <span class='ocrx_word' id='word_1_149' title='bbox 1029 3067 1269 3121; x_wconf 75' lang='lat' dir='ltr'><strong>iteratur.</strong></span> <span class='ocrx_word' id='word_1_150' title='bbox 1317 3068 1382 3119; x_wconf 85' lang='lat' dir='ltr'><strong>In</strong></span> 
     </span>
     <span class='ocr_line' id='line_1_26' title="bbox 354 3146 1385 3199; baseline 0.001 -1"><span class='ocrx_word' id='word_1_151' title='bbox 354 3146 566 3198; x_wconf 84' lang='lat' dir='ltr'><strong>verbis:</strong></span> <span class='ocrx_word' id='word_1_152' title='bbox 597 3170 622 3191; x_wconf 70' lang='grc' dir='ltr'><strong>α</strong></span> <span class='ocrx_word' id='word_1_153' title='bbox 646 3146 900 3199; x_wconf 70' lang='lat' dir='ltr'><strong>excelsum</strong></span> <span class='ocrx_word' id='word_1_154' title='bbox 927 3159 1130 3199; x_wconf 78' lang='lat' dir='ltr'><strong>reserat</strong></span> <span class='ocrx_word' id='word_1_155' title='bbox 1152 3146 1260 3199; x_wconf 87' lang='lat' dir='ltr'><strong>dux</strong></span> <span class='ocrx_word' id='word_1_156' title='bbox 1289 3147 1385 3199; x_wconf 86' lang='lat' dir='ltr'><strong>Ju-</strong></span> 
     </span>
     <span class='ocr_line' id='line_1_27' title="bbox 353 3216 1386 3296; baseline 0.002 -20"><span class='ocrx_word' id='word_1_157' title='bbox 353 3224 490 3296; x_wconf 79' lang='lat' dir='ltr'><strong>piter</strong></span> <span class='ocrx_word' id='word_1_158' title='bbox 507 3224 730 3277; x_wconf 66' lang='lat' dir='ltr'><strong>mbram</strong></span> <span class='ocrx_word' id='word_1_159' title='bbox 755 3216 812 3287; x_wconf 54' lang='grc' dir='ltr'><strong>ιζ</strong></span> <span class='ocrx_word' id='word_1_160' title='bbox 831 3224 1020 3278; x_wconf 86' lang='lat' dir='ltr'><strong>eodem</strong></span> <span class='ocrx_word' id='word_1_161' title='bbox 1042 3244 1198 3279; x_wconf 85' lang='lat' dir='ltr'><strong>sensu</strong></span> <span class='ocrx_word' id='word_1_162' title='bbox 1228 3230 1386 3278; x_wconf 72' lang='lat' dir='ltr'><strong>oetlnm</strong></span> 
     </span>
     <span class='ocr_line' id='line_1_28' title="bbox 357 3302 1389 3376; baseline 0 -20"><span class='ocrx_word' id='word_1_163' title='bbox 357 3302 502 3357; x_wconf 74' lang='lat' dir='ltr'><strong>dicta</strong></span> <span class='ocrx_word' id='word_1_164' title='bbox 535 3317 639 3367; x_wconf 88' lang='lat' dir='ltr'><strong>est,</strong></span> <span class='ocrx_word' id='word_1_165' title='bbox 677 3323 788 3376; x_wconf 83' lang='lat' dir='ltr'><strong>quo</strong></span> <span class='ocrx_word' id='word_1_166' title='bbox 829 3305 898 3356; x_wconf 77' lang='lat' dir='ltr'><strong>ab</strong></span> <span class='ocrx_word' id='word_1_167' title='bbox 930 3305 1045 3358; x_wconf 77' lang='lat' dir='ltr'><strong>aliis</strong></span> <span class='ocrx_word' id='word_1_168' title='bbox 1078 3310 1252 3357; x_wconf 78' lang='lat' dir='ltr'><strong>caelum</strong></span> <span class='ocrx_word' id='word_1_169' title='bbox 1282 3304 1389 3357; x_wconf 86' lang='lat' dir='ltr'><strong>dici</strong></span> 
     </span>
     <span class='ocr_line' id='line_1_29' title="bbox 359 3384 1389 3455; baseline -0.001 -18"><span class='ocrx_word' id='word_1_170' title='bbox 359 3384 493 3437; x_wconf 87' lang='lat' dir='ltr'><strong>solet</strong></span> <span class='ocrx_word' id='word_1_171' title='bbox 518 3404 620 3436; x_wconf 73' lang='lat' dir='ltr'><strong>arx</strong></span> <span class='ocrx_word' id='word_1_172' title='bbox 647 3386 808 3455; x_wconf 64' lang='lat' dir='ltr'><strong>Iovis,</strong></span> <span class='ocrx_word' id='word_1_173' title='bbox 859 3402 1021 3455; x_wconf 77' lang='lat' dir='ltr'><strong>quam</strong></span> <span class='ocrx_word' id='word_1_174' title='bbox 1055 3404 1216 3439; x_wconf 87' lang='lat' dir='ltr'><strong>nemo</strong></span> <span class='ocrx_word' id='word_1_175' title='bbox 1235 3423 1252 3449; x_wconf 90' lang='lat'><em>‚</em></span> <span class='ocrx_word' id='word_1_176' title='bbox 1287 3385 1389 3438; x_wconf 85' lang='lat' dir='ltr'><strong>nisi</strong></span> 
     </span>
     <span class='ocr_line' id='line_1_30' title="bbox 359 3464 1390 3537; baseline 0.001 -19"><span class='ocrx_word' id='word_1_177' title='bbox 359 3464 632 3518; x_wconf 77' lang='lat' dir='ltr'><strong>adnuente</strong></span> <span class='ocrx_word' id='word_1_178' title='bbox 646 3465 781 3517; x_wconf 82' lang='lat' dir='ltr'><strong>Jove</strong></span> <span class='ocrx_word' id='word_1_179' title='bbox 795 3503 811 3527; x_wconf 92' lang='lat'><strong>,</strong></span> <span class='ocrx_word' id='word_1_180' title='bbox 831 3464 1030 3519; x_wconf 76' lang='lat' dir='ltr'><strong>intrare</strong></span> <span class='ocrx_word' id='word_1_181' title='bbox 1053 3464 1232 3537; x_wconf 81' lang='lat' dir='ltr'><strong>possit.</strong></span> <span class='ocrx_word' id='word_1_182' title='bbox 1253 3466 1390 3530; x_wconf 68' lang='lat' dir='ltr'><strong>Quo</strong></span> 
     </span>
     <span class='ocr_line' id='line_1_31' title="bbox 361 3543 1394 3619; baseline 0.002 -23"><span class='ocrx_word' id='word_1_183' title='bbox 361 3556 658 3615; x_wconf 85' lang='lat' dir='ltr'><strong>sequuntur</strong></span> <span class='ocrx_word' id='word_1_184' title='bbox 678 3545 968 3598; x_wconf 78' lang='lat' dir='ltr'><strong>maximam</strong></span> <span class='ocrx_word' id='word_1_185' title='bbox 986 3558 1187 3616; x_wconf 71' lang='lat' dir='ltr'><strong>partem</strong></span> <span class='ocrx_word' id='word_1_186' title='bbox 1207 3543 1277 3598; x_wconf 82' lang='lat' dir='ltr'><strong>ad</strong></span> <span class='ocrx_word' id='word_1_187' title='bbox 1295 3545 1394 3619; x_wconf 87' lang='lat' dir='ltr'><strong>Py-</strong></span> 
     </span>
     <span class='ocr_line' id='line_1_32' title="bbox 359 3622 1388 3695; baseline 0.001 -20"><span class='ocrx_word' id='word_1_188' title='bbox 359 3625 738 3695; x_wconf 75' lang='lat' dir='ltr'><strong>thagoreorum</strong></span> <span class='ocrx_word' id='word_1_189' title='bbox 761 3622 1060 3677; x_wconf 78' lang='lat' dir='ltr'><strong>doctrinam</strong></span> <span class='ocrx_word' id='word_1_190' title='bbox 1089 3623 1158 3677; x_wconf 89' lang='lat' dir='ltr'><strong>de</strong></span> <span class='ocrx_word' id='word_1_191' title='bbox 1182 3628 1388 3686; x_wconf 74' lang='lat' dir='ltr'><strong>oetlasre,</strong></span> 
     </span>
     <span class='ocr_line' id='line_1_33' title="bbox 365 3703 1393 3776; baseline 0 -21"><span class='ocrx_word' id='word_1_192' title='bbox 365 3715 424 3755; x_wconf 90' lang='lat' dir='ltr'><strong>ut</strong></span> <span class='ocrx_word' id='word_1_193' title='bbox 457 3703 730 3776; x_wconf 89' lang='lat' dir='ltr'><strong>principio</strong></span> <span class='ocrx_word' id='word_1_194' title='bbox 763 3704 929 3775; x_wconf 83' lang='lat' dir='ltr'><strong>ignis,</strong></span> <span class='ocrx_word' id='word_1_195' title='bbox 961 3705 1150 3758; x_wconf 76' lang='lat' dir='ltr'><strong>caloris</strong></span> <span class='ocrx_word' id='word_1_196' title='bbox 1171 3745 1187 3771; x_wconf 93' lang='lat'><strong>,</strong></span> <span class='ocrx_word' id='word_1_197' title='bbox 1224 3704 1393 3771; x_wconf 87' lang='lat' dir='ltr'><strong>lucis,</strong></span> 
     </span>
     <span class='ocr_line' id='line_1_34' title="bbox 363 3784 1392 3851; baseline 0.004 -18"><span class='ocrx_word' id='word_1_198' title='bbox 363 3784 508 3845; x_wconf 65' lang='lat' dir='ltr'><strong>vita,</strong></span> <span class='ocrx_word' id='word_1_199' title='bbox 537 3794 590 3837; x_wconf 88' lang='lat' dir='ltr'><strong>et</strong></span> <span class='ocrx_word' id='word_1_200' title='bbox 631 3796 807 3837; x_wconf 83' lang='lat' dir='ltr'><strong>motus</strong></span> <span class='ocrx_word' id='word_1_201' title='bbox 849 3784 902 3835; x_wconf 87' lang='lat' dir='ltr'><strong>in</strong></span> <span class='ocrx_word' id='word_1_202' title='bbox 949 3802 1129 3837; x_wconf 87' lang='lat' dir='ltr'><strong>rerum</strong></span> <span class='ocrx_word' id='word_1_203' title='bbox 1167 3797 1392 3851; x_wconf 76' lang='lat' dir='ltr'><strong>natura,</strong></span> 
     </span>
     <span class='ocr_line' id='line_1_35' title="bbox 365 3862 1394 3916; baseline 0.001 -2"><span class='ocrx_word' id='word_1_204' title='bbox 365 3862 682 3915; x_wconf 74' lang='lat' dir='ltr'><strong>adumbrata</strong></span> <span class='ocrx_word' id='word_1_205' title='bbox 703 3874 842 3915; x_wconf 85' lang='lat' dir='ltr'><strong>sunt.</strong></span> <span class='ocrx_word' id='word_1_206' title='bbox 860 3863 1123 3916; x_wconf 67' lang='lat' dir='ltr'><strong>Ceterum</strong></span> <span class='ocrx_word' id='word_1_207' title='bbox 1153 3862 1210 3914; x_wconf 84' lang='lat' dir='ltr'><strong>iu</strong></span> <span class='ocrx_word' id='word_1_208' title='bbox 1237 3882 1394 3916; x_wconf 88' lang='lat' dir='ltr'><strong>versu</strong></span> 
     </span>
     <span class='ocr_line' id='line_1_36' title="bbox 366 3941 1401 4014; baseline 0 -20"><span class='ocrx_word' id='word_1_209' title='bbox 366 3941 542 4014; x_wconf 88' lang='lat' dir='ltr'><strong>primo</strong></span> <span class='ocrx_word' id='word_1_210' title='bbox 561 3962 662 4013; x_wconf 89' lang='lat' dir='ltr'><strong>pro</strong></span> <span class='ocrx_word' id='word_1_211' title='bbox 673 3968 700 3988; x_wconf 67' lang='lat' dir='ltr'>u</span> <span class='ocrx_word' id='word_1_212' title='bbox 715 3943 986 3995; x_wconf 84' lang='lat' dir='ltr'><strong>Carminis</strong></span> <span class='ocrx_word' id='word_1_213' title='bbox 1005 3943 1250 4013; x_wconf 81' lang='lat' dir='ltr'><strong>inceptor</strong></span> <span class='ocrx_word' id='word_1_214' title='bbox 1267 3941 1401 3995; x_wconf 85' lang='lat' dir='ltr'><strong>mihi</strong></span> 
     </span>
     <span class='ocr_line' id='line_1_37' title="bbox 367 4020 1400 4094; baseline 0 -20"><span class='ocrx_word' id='word_1_215' title='bbox 367 4022 576 4094; x_wconf 77' lang='lat' dir='ltr'><strong>Jupiter</strong></span> <span class='ocrx_word' id='word_1_216' title='bbox 604 4045 630 4066; x_wconf 69' lang='lat' dir='ltr'>a</span> <span class='ocrx_word' id='word_1_217' title='bbox 683 4020 1015 4075; x_wconf 77' lang='lat' dir='ltr'><strong>Schraderus</strong></span> <span class='ocrx_word' id='word_1_218' title='bbox 1055 4022 1112 4073; x_wconf 88' lang='lat' dir='ltr'><strong>in</strong></span> <span class='ocrx_word' id='word_1_219' title='bbox 1138 4020 1400 4077; x_wconf 86' lang='lat' dir='ltr'><strong>Wernsd.</strong></span> 
     </span>
     <span class='ocr_line' id='line_1_38' title="bbox 371 4101 1402 4175; baseline 0.002 -22"><span class='ocrx_word' id='word_1_220' title='bbox 371 4102 520 4155; x_wconf 86' lang='lat' dir='ltr'><strong>Poet.</strong></span> <span class='ocrx_word' id='word_1_221' title='bbox 564 4104 678 4154; x_wconf 81' lang='lat' dir='ltr'><strong>Lat.</strong></span> <span class='ocrx_word' id='word_1_222' title='bbox 727 4102 862 4155; x_wconf 78' lang='lat' dir='ltr'><strong>Min.</strong></span> <span class='ocrx_word' id='word_1_223' title='bbox 910 4101 1053 4162; x_wconf 90' lang='lat' dir='ltr'><strong>(vid.</strong></span> <span class='ocrx_word' id='word_1_224' title='bbox 1096 4121 1258 4175; x_wconf 84' lang='lat' dir='ltr'><strong>supra</strong></span> <span class='ocrx_word' id='word_1_225' title='bbox 1299 4102 1402 4155; x_wconf 82' lang='lat' dir='ltr'><strong>hoc</strong></span> 
     </span>
     <span class='ocr_line' id='line_1_39' title="bbox 372 4181 1402 4254; baseline 0.002 -21"><span class='ocrx_word' id='word_1_226' title='bbox 372 4195 502 4235; x_wconf 79' lang='lat' dir='ltr'><strong>tom.</strong></span> <span class='ocrx_word' id='word_1_227' title='bbox 547 4201 673 4254; x_wconf 84' lang='lat' dir='ltr'><strong>pag.</strong></span> <span class='ocrx_word' id='word_1_228' title='bbox 729 4182 846 4251; x_wconf 83' lang='lat'>²73·</span> <span class='ocrx_word' id='word_1_229' title='bbox 903 4182 1046 4253; x_wconf 78' lang='lat' dir='ltr'><strong>En.)</strong></span> <span class='ocrx_word' id='word_1_230' title='bbox 1093 4182 1161 4235; x_wconf 84' lang='lat' dir='ltr'><strong>ad</strong></span> <span class='ocrx_word' id='word_1_231' title='bbox 1218 4181 1402 4235; x_wconf 78' lang='lat' dir='ltr'><strong>Avieni</strong></span> 
     </span>
    </p>
   </div>
   <div class='ocr_carea' id='block_1_14' title="bbox 1470 2903 2531 4254">
    <p class='ocr_par' dir='ltr' id='par_1_15' title="bbox 1470 2903 2520 3615">
     <span class='ocr_line' id='line_1_40' title="bbox 1470 2903 2507 2975; baseline -0.002 -18"><span class='ocrx_word' id='word_1_232' title='bbox 1470 2906 1725 2957; x_wconf 85' lang='lat' dir='ltr'><strong>Phoebum</strong></span> <span class='ocrx_word' id='word_1_233' title='bbox 1759 2905 1829 2957; x_wconf 89' lang='lat' dir='ltr'><strong>de</strong></span> <span class='ocrx_word' id='word_1_234' title='bbox 1859 2922 1993 2975; x_wconf 88' lang='lat' dir='ltr'><strong>rupe</strong></span> <span class='ocrx_word' id='word_1_235' title='bbox 2023 2904 2204 2957; x_wconf 84' lang='lat' dir='ltr'><strong>ciebo:</strong></span> <span class='ocrx_word' id='word_1_236' title='bbox 2240 2903 2507 2956; x_wconf 77' lang='lat' dir='ltr'><strong>Carminis</strong></span> 
     </span>
     <span class='ocr_line' id='line_1_41' title="bbox 1472 2982 2503 3037; baseline -0.001 -2"><span class='ocrx_word' id='word_1_237' title='bbox 1472 2983 1717 3037; x_wconf 82' lang='lat' dir='ltr'><strong>incentor</strong></span> <span class='ocrx_word' id='word_1_238' title='bbox 1734 2984 1978 3037; x_wconf 84' lang='lat' dir='ltr'><strong>Christus</strong></span> <span class='ocrx_word' id='word_1_239' title='bbox 2008 2982 2141 3035; x_wconf 84' lang='lat' dir='ltr'><strong>mihi</strong></span> <span class='ocrx_word' id='word_1_240' title='bbox 2158 3008 2202 3033; x_wconf 77' lang='grc' dir='ltr'><strong>ιι.</strong></span> <span class='ocrx_word' id='word_1_241' title='bbox 2224 2984 2403 3036; x_wconf 86' lang='lat' dir='ltr'><strong>Potest</strong></span> <span class='ocrx_word' id='word_1_242' title='bbox 2424 2994 2503 3035; x_wconf 77' lang='lat' dir='ltr'><strong>ts-</strong></span> 
     </span>
     <span class='ocr_line' id='line_1_42' title="bbox 1473 3062 2510 3135; baseline -0.002 -19"><span class='ocrx_word' id='word_1_243' title='bbox 1473 3082 1599 3117; x_wconf 86' lang='lat' dir='ltr'><strong>men</strong></span> <span class='ocrx_word' id='word_1_244' title='bbox 1624 3064 1711 3116; x_wconf 85' lang='lat' dir='ltr'><strong>vul</strong></span> <span class='ocrx_word' id='word_1_245' title='bbox 1751 3075 1834 3116; x_wconf 81' lang='lat' dir='ltr'><strong>ata</strong></span> <span class='ocrx_word' id='word_1_246' title='bbox 1859 3064 2019 3116; x_wconf 89' lang='lat' dir='ltr'><strong>lectio</strong></span> <span class='ocrx_word' id='word_1_247' title='bbox 2048 3062 2268 3116; x_wconf 83' lang='lat' dir='ltr'><strong>defendi</strong></span> <span class='ocrx_word' id='word_1_248' title='bbox 2296 3082 2357 3116; x_wconf 82' lang='lat' dir='ltr'><strong>ex</strong></span> <span class='ocrx_word' id='word_1_249' title='bbox 2392 3064 2510 3135; x_wconf 86' lang='lat' dir='ltr'><strong>ipso</strong></span> 
     </span>
     <span class='ocr_line' id='line_1_43' title="bbox 1475 3083 2510 3215; baseline -0.003 -19"><span class='ocrx_word' id='word_1_250' title='bbox 1475 3144 1668 3197; x_wconf 73' lang='lat' dir='ltr'><strong>Areteo</strong></span> <span class='ocrx_word' id='word_1_251' title='bbox 1704 3083 1775 3196; x_wconf 59' lang='lat' dir='ltr'><strong>gx.</strong></span> <span class='ocrx_word' id='word_1_252' title='bbox 1812 3144 1915 3202; x_wconf 79' lang='grc' dir='ltr'>Διὸς</span> <span class='ocrx_word' id='word_1_253' title='bbox 1956 3142 2264 3215; x_wconf 55' lang='lat' dir='ltr'><strong>&amp;steigi-sefion..</strong></span> <span class='ocrx_word' id='word_1_254' title='bbox 2302 3141 2510 3194; x_wconf 85' lang='lat' dir='ltr'><strong>Deinde</strong></span> 
     </span>
     <span class='ocr_line' id='line_1_44' title="bbox 1475 3222 2514 3295; baseline -0.002 -20"><span class='ocrx_word' id='word_1_255' title='bbox 1475 3223 1618 3295; x_wconf 81' lang='lat' dir='ltr'><strong>apud</strong></span> <span class='ocrx_word' id='word_1_256' title='bbox 1665 3224 1961 3285; x_wconf 86' lang='lat' dir='ltr'><strong>Avienum‚</strong></span> <span class='ocrx_word' id='word_1_257' title='bbox 2002 3222 2205 3293; x_wconf 83' lang='lat' dir='ltr'><strong>Perieg.</strong></span> <span class='ocrx_word' id='word_1_258' title='bbox 2248 3240 2330 3273; x_wconf 86' lang='lat' dir='ltr'><strong>vs.</strong></span> <span class='ocrx_word' id='word_1_259' title='bbox 2373 3222 2514 3289; x_wconf 84' lang='lat'><strong>896,</strong></span> 
     </span>
     <span class='ocr_line' id='line_1_45' title="bbox 1475 3302 2515 3356; baseline -0.005 0"><span class='ocrx_word' id='word_1_260' title='bbox 1475 3310 1739 3356; x_wconf 63' lang='lat' dir='ltr'><strong>Incensos-e</strong></span> <span class='ocrx_word' id='word_1_261' title='bbox 1788 3323 1975 3355; x_wconf 80' lang='lat' dir='ltr'><strong>canam</strong></span> <span class='ocrx_word' id='word_1_262' title='bbox 2016 3306 2193 3355; x_wconf 71' lang='lat' dir='ltr'><strong>Plaoeho</strong></span> <span class='ocrx_word' id='word_1_263' title='bbox 2236 3302 2393 3355; x_wconf 88' lang='lat' dir='ltr'><strong>lectio</strong></span> <span class='ocrx_word' id='word_1_264' title='bbox 2435 3313 2515 3353; x_wconf 84' lang='lat' dir='ltr'><strong>est</strong></span> 
     </span>
     <span class='ocr_line' id='line_1_46' title="bbox 1477 3382 2519 3453; baseline -0.002 -18"><span class='ocrx_word' id='word_1_265' title='bbox 1477 3383 1713 3451; x_wconf 78' lang='lat' dir='ltr'><strong>incerta,</strong></span> <span class='ocrx_word' id='word_1_266' title='bbox 1742 3396 1793 3435; x_wconf 86' lang='lat' dir='ltr'><strong>et</strong></span> <span class='ocrx_word' id='word_1_267' title='bbox 1818 3382 2051 3436; x_wconf 79' lang='lat' dir='ltr'><strong>dubitari</strong></span> <span class='ocrx_word' id='word_1_268' title='bbox 2074 3393 2279 3453; x_wconf 86' lang='lat' dir='ltr'><strong>potest,</strong></span> <span class='ocrx_word' id='word_1_269' title='bbox 2314 3398 2382 3434; x_wconf 74' lang='lat' dir='ltr'><strong>sn</strong></span> <span class='ocrx_word' id='word_1_270' title='bbox 2410 3400 2519 3434; x_wconf 88' lang='lat' dir='ltr'><strong>non</strong></span> 
     </span>
     <span class='ocr_line' id='line_1_47' title="bbox 1481 3462 2520 3535; baseline -0.003 -18"><span class='ocrx_word' id='word_1_271' title='bbox 1481 3463 1622 3535; x_wconf 78' lang='lat' dir='ltr'><strong>apud</strong></span> <span class='ocrx_word' id='word_1_272' title='bbox 1648 3464 1819 3535; x_wconf 89' lang='lat' dir='ltr'><strong>ipsum</strong></span> <span class='ocrx_word' id='word_1_273' title='bbox 1844 3462 2141 3515; x_wconf 78' lang='lat' dir='ltr'><strong>Paullinum</strong></span> <span class='ocrx_word' id='word_1_274' title='bbox 2170 3479 2269 3532; x_wconf 85' lang='lat' dir='ltr'><strong>pro</strong></span> <span class='ocrx_word' id='word_1_275' title='bbox 2294 3464 2520 3514; x_wconf 80' lang='lat' dir='ltr'><strong>incentor</strong></span> 
     </span>
     <span class='ocr_line' id='line_1_48' title="bbox 1479 3542 2112 3615; baseline -0.002 -20"><span class='ocrx_word' id='word_1_276' title='bbox 1479 3542 1766 3615; x_wconf 82' lang='lat' dir='ltr'><strong>legendum</strong></span> <span class='ocrx_word' id='word_1_277' title='bbox 1792 3543 1859 3595; x_wconf 88' lang='lat' dir='ltr'><strong>sit</strong></span> <span class='ocrx_word' id='word_1_278' title='bbox 1874 3546 2112 3611; x_wconf 77' lang='lat' dir='ltr'><strong>inceptor.</strong></span> 
     </span>
    </p>

    <p class='ocr_par' dir='ltr' id='par_1_16' title="bbox 1483 3623 2531 4254">
     <span class='ocr_line' id='line_1_49' title="bbox 1558 3623 2531 3691; baseline -0.002 -15"><span class='ocrx_word' id='word_1_279' title='bbox 1558 3623 1608 3678; x_wconf 79' lang='grc'><strong>5.</strong></span> <span class='ocrx_word' id='word_1_280' title='bbox 1644 3626 1735 3675; x_wconf 75' lang='lat' dir='ltr'><strong>Hic</strong></span> <span class='ocrx_word' id='word_1_281' title='bbox 1769 3624 1936 3683; x_wconf 70' lang='lat' dir='ltr'><strong>statio,</strong></span> <span class='ocrx_word' id='word_1_282' title='bbox 1975 3624 2054 3674; x_wconf 68' lang='lat' dir='ltr'><strong>hic</strong></span> <span class='ocrx_word' id='word_1_283' title='bbox 2084 3625 2225 3673; x_wconf 76' lang='lat' dir='ltr'><strong>sedes</strong></span> <span class='ocrx_word' id='word_1_284' title='bbox 2243 3626 2401 3691; x_wconf 70' lang='lat' dir='ltr'><strong>prims*</strong></span> <span class='ocrx_word' id='word_1_285' title='bbox 2427 3640 2531 3691; x_wconf 80' lang='lat' dir='ltr'><strong>pa·</strong></span> 
     </span>
     <span class='ocr_line' id='line_1_50' title="bbox 1483 3704 2525 3771; baseline 0 -18"><span class='ocrx_word' id='word_1_286' title='bbox 1483 3705 1595 3763; x_wconf 74' lang='lat' dir='ltr'><strong>m‘s,</strong></span> <span class='ocrx_word' id='word_1_287' title='bbox 1634 3704 1725 3754; x_wconf 72' lang='lat' dir='ltr'><strong>iste</strong></span> <span class='ocrx_word' id='word_1_288' title='bbox 1756 3704 1957 3771; x_wconf 77' lang='lat' dir='ltr'><strong>paterni</strong></span> <span class='ocrx_word' id='word_1_289' title='bbox 1999 3704 2293 3770; x_wconf 70' lang='lat' dir='ltr'><strong>Principium</strong></span> <span class='ocrx_word' id='word_1_290' title='bbox 2347 3716 2525 3755; x_wconf 73' lang='lat' dir='ltr'><strong>motus.</strong></span> 
     </span>
     <span class='ocr_line' id='line_1_51' title="bbox 1483 3780 2522 3836; baseline 0 -2"><span class='ocrx_word' id='word_1_291' title='bbox 1483 3783 1577 3834; x_wconf 68' lang='lat' dir='ltr'><strong>uic</strong></span> <span class='ocrx_word' id='word_1_292' title='bbox 1622 3794 1675 3834; x_wconf 88' lang='lat' dir='ltr'><strong>et</strong></span> <span class='ocrx_word' id='word_1_293' title='bbox 1722 3785 1814 3833; x_wconf 77' lang='lat' dir='ltr'><strong>iste</strong></span> <span class='ocrx_word' id='word_1_294' title='bbox 1863 3780 1932 3834; x_wconf 77' lang='lat' dir='ltr'><strong>ad</strong></span> <span class='ocrx_word' id='word_1_295' title='bbox 1977 3784 2205 3834; x_wconf 70' lang='lat' dir='ltr'><strong>oecltsrem</strong></span> <span class='ocrx_word' id='word_1_296' title='bbox 2252 3780 2522 3836; x_wconf 83' lang='lat' dir='ltr'><strong>referendi</strong></span> 
     </span>
     <span class='ocr_line' id='line_1_52' title="bbox 1485 3860 2525 3929; baseline -0.002 -14"><span class='ocrx_word' id='word_1_297' title='bbox 1485 3873 1638 3925; x_wconf 77' lang='lat' dir='ltr'><strong>suut3</strong></span> <span class='ocrx_word' id='word_1_298' title='bbox 1679 3873 1759 3914; x_wconf 86' lang='lat' dir='ltr'><strong>est</strong></span> <span class='ocrx_word' id='word_1_299' title='bbox 1785 3860 1893 3914; x_wconf 88' lang='lat' dir='ltr'><strong>hoc</strong></span> <span class='ocrx_word' id='word_1_300' title='bbox 1936 3862 2137 3914; x_wconf 79' lang='lat' dir='ltr'><strong>Avieno</strong></span> <span class='ocrx_word' id='word_1_301' title='bbox 2176 3860 2428 3929; x_wconf 85' lang='lat' dir='ltr'><strong>solenne,</strong></span> <span class='ocrx_word' id='word_1_302' title='bbox 2466 3874 2525 3914; x_wconf 89' lang='lat' dir='ltr'><strong>ut</strong></span> 
     </span>
     <span class='ocr_line' id='line_1_53' title="bbox 1488 3938 2524 4013; baseline 0.002 -20"><span class='ocrx_word' id='word_1_303' title='bbox 1488 3944 1568 3993; x_wconf 79' lang='grc' dir='ltr'><strong>Ιιίσ</strong></span> <span class='ocrx_word' id='word_1_304' title='bbox 1602 3952 1654 3993; x_wconf 86' lang='lat' dir='ltr'><strong>et</strong></span> <span class='ocrx_word' id='word_1_305' title='bbox 1689 3944 1779 3993; x_wconf 76' lang='lat' dir='ltr'><strong>iste</strong></span> <span class='ocrx_word' id='word_1_306' title='bbox 1817 3938 1887 3995; x_wconf 89' lang='lat' dir='ltr'><strong>de</strong></span> <span class='ocrx_word' id='word_1_307' title='bbox 1924 3940 2113 3994; x_wconf 89' lang='lat' dir='ltr'><strong>eodem</strong></span> <span class='ocrx_word' id='word_1_308' title='bbox 2158 3952 2394 4013; x_wconf 83' lang='lat' dir='ltr'><strong>usurpet.</strong></span> <span class='ocrx_word' id='word_1_309' title='bbox 2434 3941 2524 3995; x_wconf 88' lang='lat' dir='ltr'><strong>Sic</strong></span> 
     </span>
     <span class='ocr_line' id='line_1_54' title="bbox 1491 4022 2526 4093; baseline -0.001 -20"><span class='ocrx_word' id='word_1_310' title='bbox 1491 4022 1631 4073; x_wconf 77' lang='lat' dir='ltr'><strong>infra</strong></span> <span class='ocrx_word' id='word_1_311' title='bbox 1658 4040 1731 4075; x_wconf 88' lang='lat' dir='ltr'><strong>vs.</strong></span> <span class='ocrx_word' id='word_1_312' title='bbox 1756 4023 1819 4075; x_wconf 77' lang='lat'><strong>25</strong></span> <span class='ocrx_word' id='word_1_313' title='bbox 1844 4040 1858 4074; x_wconf 71' lang='grc' dir='ltr'>ε</span> <span class='ocrx_word' id='word_1_314' title='bbox 1889 4048 1914 4067; x_wconf 87' lang='lat'>-</span> <span class='ocrx_word' id='word_1_315' title='bbox 1938 4022 2037 4076; x_wconf 85' lang='lat' dir='ltr'><strong>Hic</strong></span> <span class='ocrx_word' id='word_1_316' title='bbox 2059 4022 2387 4093; x_wconf 79' lang='lat' dir='ltr'><strong>digestorum</strong></span> <span class='ocrx_word' id='word_1_317' title='bbox 2413 4038 2526 4091; x_wconf 90' lang='lat' dir='ltr'><strong>spe-</strong></span> 
     </span>
     <span class='ocr_line' id='line_1_55' title="bbox 1491 4100 2531 4172; baseline -0.003 -17"><span class='ocrx_word' id='word_1_318' title='bbox 1491 4100 1625 4155; x_wconf 86' lang='lat' dir='ltr'><strong>ciem</strong></span> <span class='ocrx_word' id='word_1_319' title='bbox 1656 4100 1833 4167; x_wconf 86' lang='lat' dir='ltr'><strong>dedit,</strong></span> <span class='ocrx_word' id='word_1_320' title='bbox 1870 4101 1970 4157; x_wconf 88' lang='lat' dir='ltr'><strong>iste</strong></span> <span class='ocrx_word' id='word_1_321' title='bbox 2006 4102 2238 4154; x_wconf 83' lang='lat' dir='ltr'><strong>colorem</strong></span> <span class='ocrx_word' id='word_1_322' title='bbox 2270 4102 2531 4172; x_wconf 86' lang='lat' dir='ltr'><strong>Imposuit</strong></span> 
     </span>
     <span class='ocr_line' id='line_1_56' title="bbox 1492 4180 2529 4254; baseline -0.004 -19"><span class='ocrx_word' id='word_1_323' title='bbox 1492 4182 1651 4235; x_wconf 83' lang='lat' dir='ltr'><strong>rebus</strong></span> <span class='ocrx_word' id='word_1_324' title='bbox 1676 4208 1717 4235; x_wconf 70' lang='grc' dir='ltr'><strong>ι.</strong></span> <span class='ocrx_word' id='word_1_325' title='bbox 1748 4214 1817 4223; x_wconf 89' lang='grc'>-</span> <span class='ocrx_word' id='word_1_326' title='bbox 1844 4182 1913 4233; x_wconf 87' lang='lat' dir='ltr'><strong>Et</strong></span> <span class='ocrx_word' id='word_1_327' title='bbox 1942 4181 2060 4235; x_wconf 84' lang='lat' dir='ltr'><strong>vide</strong></span> <span class='ocrx_word' id='word_1_328' title='bbox 2086 4200 2246 4254; x_wconf 85' lang='lat' dir='ltr'><strong>supra</strong></span> <span class='ocrx_word' id='word_1_329' title='bbox 2285 4180 2529 4252; x_wconf 81' lang='lat' dir='ltr'><strong>Descrip-</strong></span> 
     </span>
    </p>
   </div>
  </div>
 </body>
</html>
