<?xml version="1.0" encoding="UTF-8"?>
<!DOCTYPE html PUBLIC "-//W3C//DTD XHTML 1.0 Transitional//EN"
    "http://www.w3.org/TR/xhtml1/DTD/xhtml1-transitional.dtd">
<html xmlns="http://www.w3.org/1999/xhtml" xml:lang="en" lang="en">
 <head>
  <title>
</title>
<meta http-equiv="Content-Type" content="text/html;charset=utf-8" />
  <meta name='ocr-system' content='tesseract 3.04.00' />
  <meta name='ocr-capabilities' content='ocr_page ocr_carea ocr_par ocr_line ocrx_word'/>
</head>
<body>
  <div class='ocr_page' id='page_1' title='image "./poetaelatinimin01unkngoog_0521.png"; bbox 0 0 2996 4685; ppageno 0'>
   <div class='ocr_carea' id='block_1_1' title="bbox 503 358 1919 436">
    <p class='ocr_par' dir='ltr' id='par_1_1' title="bbox 503 358 1919 436">
     <span class='ocr_line' id='line_1_1' title="bbox 503 358 1919 436; baseline -0.007 -1"><span class='ocrx_word' id='word_1_1' title='bbox 503 363 635 436; x_wconf 79' lang='lat'><strong>512</strong></span> <span class='ocrx_word' id='word_1_2' title='bbox 1204 358 1776 428; x_wconf 82' lang='lat' dir='ltr'><strong>EXCURSUS</strong></span> <span class='ocrx_word' id='word_1_3' title='bbox 1841 360 1919 426; x_wconf 91' lang='lat'><strong>11</strong></span> 
     </span>
    </p>
   </div>
   <div class='ocr_carea' id='block_1_2' title="bbox 500 477 2639 871">
    <p class='ocr_par' dir='ltr' id='par_1_2' title="bbox 500 477 2639 871">
     <span class='ocr_line' id='line_1_2' title="bbox 500 477 2634 576; baseline -0.006 -23"><span class='ocrx_word' id='word_1_4' title='bbox 500 485 885 576; x_wconf 85' lang='lat' dir='ltr'><strong>Apollonius</strong></span> <span class='ocrx_word' id='word_1_5' title='bbox 917 477 1137 570; x_wconf 84' lang='lat' dir='ltr'><strong>prodit</strong></span> <span class='ocrx_word' id='word_1_6' title='bbox 1156 527 1174 560; x_wconf 88' lang='lat'>‚</span> <span class='ocrx_word' id='word_1_7' title='bbox 1204 503 1241 543; x_wconf 85' lang='lat' dir='ltr'><strong>a</strong></span> <span class='ocrx_word' id='word_1_8' title='bbox 1276 481 1742 567; x_wconf 82' lang='lat' dir='ltr'><strong>septemtrione</strong></span> <span class='ocrx_word' id='word_1_9' title='bbox 1769 479 1964 544; x_wconf 87' lang='lat' dir='ltr'><strong>Celtis</strong></span> <span class='ocrx_word' id='word_1_10' title='bbox 1999 495 2066 542; x_wconf 89' lang='lat' dir='ltr'><strong>et</strong></span> <span class='ocrx_word' id='word_1_11' title='bbox 2089 479 2435 568; x_wconf 74' lang='lat' dir='ltr'>Liguribus</span> <span class='ocrx_word' id='word_1_12' title='bbox 2471 500 2634 566; x_wconf 78' lang='lat' dir='ltr'><strong>prae·</strong></span> 
     </span>
     <span class='ocr_line' id='line_1_3' title="bbox 504 578 2636 669; baseline -0.005 -19"><span class='ocrx_word' id='word_1_13' title='bbox 504 585 680 650; x_wconf 89' lang='lat' dir='ltr'><strong>tendi</strong></span> <span class='ocrx_word' id='word_1_14' title='bbox 712 598 969 648; x_wconf 85' lang='lat' dir='ltr'><strong>montes</strong></span> <span class='ocrx_word' id='word_1_15' title='bbox 1000 596 1066 644; x_wconf 89' lang='lat' dir='ltr'><strong>et</strong></span> <span class='ocrx_word' id='word_1_16' title='bbox 1100 581 1299 645; x_wconf 80' lang='lat' dir='ltr'><strong>saltus</strong></span> <span class='ocrx_word' id='word_1_17' title='bbox 1338 581 1700 668; x_wconf 81' lang='lat' dir='ltr'><strong>Hercynios</strong></span> <span class='ocrx_word' id='word_1_18' title='bbox 1723 627 1740 661; x_wconf 91' lang='lat'>,</span> <span class='ocrx_word' id='word_1_19' title='bbox 1778 578 1978 659; x_wconf 82' lang='lat' dir='ltr'><strong>hujus</strong></span> <span class='ocrx_word' id='word_1_20' title='bbox 2011 581 2104 644; x_wconf 89' lang='lat' dir='ltr'><strong>rei</strong></span> <span class='ocrx_word' id='word_1_21' title='bbox 2152 581 2293 669; x_wconf 85' lang='lat' dir='ltr'><strong>ipsa</strong></span> <span class='ocrx_word' id='word_1_22' title='bbox 2327 578 2636 645; x_wconf 81' lang='lat' dir='ltr'><strong><em>Columna</em></strong></span> 
     </span>
     <span class='ocr_line' id='line_1_4' title="bbox 502 680 2633 770; baseline -0.003 -20"><span class='ocrx_word' id='word_1_23' title='bbox 502 685 667 751; x_wconf 80' lang='lat' dir='ltr'><strong>Solis</strong></span> <span class='ocrx_word' id='word_1_24' title='bbox 696 684 1166 750; x_wconf 84' lang='lat' dir='ltr'><strong>documentum</strong></span> <span class='ocrx_word' id='word_1_25' title='bbox 1200 699 1321 764; x_wconf 87' lang='lat' dir='ltr'><strong>est,</strong></span> <span class='ocrx_word' id='word_1_26' title='bbox 1359 704 1506 770; x_wconf 80' lang='lat' dir='ltr'><strong>quae</strong></span> <span class='ocrx_word' id='word_1_27' title='bbox 1544 683 1610 746; x_wconf 89' lang='lat' dir='ltr'><strong>in</strong></span> <span class='ocrx_word' id='word_1_28' title='bbox 1643 699 1930 746; x_wconf 84' lang='lat' dir='ltr'><strong>extrema</strong></span> <span class='ocrx_word' id='word_1_29' title='bbox 1965 697 2145 769; x_wconf 86' lang='lat' dir='ltr'><strong>parte</strong></span> <span class='ocrx_word' id='word_1_30' title='bbox 2177 680 2440 769; x_wconf 86' lang='lat' dir='ltr'><strong>Alpium</strong></span> <span class='ocrx_word' id='word_1_31' title='bbox 2473 695 2633 761; x_wconf 86' lang='lat' dir='ltr'><strong>erat,</strong></span> 
     </span>
     <span class='ocr_line' id='line_1_5' title="bbox 504 779 2639 871; baseline -0.003 -20"><span class='ocrx_word' id='word_1_32' title='bbox 504 803 571 851; x_wconf 88' lang='lat' dir='ltr'><strong>et</strong></span> <span class='ocrx_word' id='word_1_33' title='bbox 596 801 765 851; x_wconf 88' lang='lat' dir='ltr'><strong>meta</strong></span> <span class='ocrx_word' id='word_1_34' title='bbox 794 807 933 851; x_wconf 87' lang='lat' dir='ltr'><strong>esse</strong></span> <span class='ocrx_word' id='word_1_35' title='bbox 964 782 1366 864; x_wconf 81' lang='lat' dir='ltr'><strong>credebatur,</strong></span> <span class='ocrx_word' id='word_1_36' title='bbox 1405 780 1488 848; x_wconf 86' lang='lat' dir='ltr'><strong>ad</strong></span> <span class='ocrx_word' id='word_1_37' title='bbox 1516 805 1714 871; x_wconf 85' lang='lat' dir='ltr'><strong>quam</strong></span> <span class='ocrx_word' id='word_1_38' title='bbox 1747 783 1846 848; x_wconf 90' lang='lat' dir='ltr'><strong>sol</strong></span> <span class='ocrx_word' id='word_1_39' title='bbox 1881 784 1948 847; x_wconf 89' lang='lat' dir='ltr'><strong>in</strong></span> <span class='ocrx_word' id='word_1_40' title='bbox 1985 781 2496 871; x_wconf 81' lang='lat' dir='ltr'><strong>septemtriones</strong></span> <span class='ocrx_word' id='word_1_41' title='bbox 2524 779 2639 845; x_wconf 86' lang='lat' dir='ltr'><strong>de-</strong></span> 
     </span>
    </p>
   </div>
   <div class='ocr_carea' id='block_1_3' title="bbox 504 1017 2671 4031">
    <p class='ocr_par' dir='ltr' id='par_1_3' title="bbox 504 1017 2671 4031">
     <span class='ocr_line' id='line_1_6' title="bbox 505 1017 2639 1093; baseline -0.001 -19"><span class='ocrx_word' id='word_1_42' title='bbox 505 1018 848 1074; x_wconf 84' lang='lat' dir='ltr'><strong>Occidentem</strong></span> <span class='ocrx_word' id='word_1_43' title='bbox 864 1057 881 1083; x_wconf 88' lang='lat'><strong>,</strong></span> <span class='ocrx_word' id='word_1_44' title='bbox 922 1029 975 1072; x_wconf 90' lang='lat' dir='ltr'><strong>et</strong></span> <span class='ocrx_word' id='word_1_45' title='bbox 998 1029 1251 1072; x_wconf 84' lang='lat' dir='ltr'><strong>extremas</strong></span> <span class='ocrx_word' id='word_1_46' title='bbox 1276 1017 1504 1090; x_wconf 66' lang='lat' dir='ltr'><strong>Europe</strong></span> <span class='ocrx_word' id='word_1_47' title='bbox 1537 1032 1710 1092; x_wconf 87' lang='lat' dir='ltr'><strong>partes</strong></span> <span class='ocrx_word' id='word_1_48' title='bbox 1726 1061 1741 1088; x_wconf 90' lang='lat'><strong>,</strong></span> <span class='ocrx_word' id='word_1_49' title='bbox 1778 1038 1913 1092; x_wconf 86' lang='lat' dir='ltr'><strong>quas</strong></span> <span class='ocrx_word' id='word_1_50' title='bbox 1951 1019 2258 1093; x_wconf 71' lang='lat' dir='ltr'><strong>Hesperiam</strong></span> <span class='ocrx_word' id='word_1_51' title='bbox 2294 1019 2380 1073; x_wconf 77' lang='lat' dir='ltr'><strong>vel</strong></span> <span class='ocrx_word' id='word_1_52' title='bbox 2413 1019 2639 1072; x_wconf 70' lang='lat' dir='ltr'><strong>Iber-iam</strong></span> 
     </span>
     <span class='ocr_line' id='line_1_7' title="bbox 506 1101 2640 1177; baseline -0.002 -18"><span class='ocrx_word' id='word_1_53' title='bbox 506 1115 717 1159; x_wconf 77' lang='lat' dir='ltr'><strong>vocant.</strong></span> <span class='ocrx_word' id='word_1_54' title='bbox 742 1106 929 1177; x_wconf 83' lang='lat' dir='ltr'><strong>Neque</strong></span> <span class='ocrx_word' id='word_1_55' title='bbox 956 1104 1128 1158; x_wconf 87' lang='lat' dir='ltr'><strong>noctis</strong></span> <span class='ocrx_word' id='word_1_56' title='bbox 1152 1115 1207 1158; x_wconf 91' lang='lat' dir='ltr'><strong>et</strong></span> <span class='ocrx_word' id='word_1_57' title='bbox 1228 1104 1570 1158; x_wconf 87' lang='lat' dir='ltr'><strong>tenebrarum</strong></span> <span class='ocrx_word' id='word_1_58' title='bbox 1591 1103 1772 1159; x_wconf 89' lang='lat' dir='ltr'><strong>sedem</strong></span> <span class='ocrx_word' id='word_1_59' title='bbox 1805 1105 1921 1159; x_wconf 90' lang='lat' dir='ltr'><strong>solo</strong></span> <span class='ocrx_word' id='word_1_60' title='bbox 1943 1104 2328 1176; x_wconf 87' lang='lat' dir='ltr'><strong>septemtrione</strong></span> <span class='ocrx_word' id='word_1_61' title='bbox 2345 1101 2608 1156; x_wconf 62' lang='lat' dir='ltr'><strong>ddniunt</strong></span> <span class='ocrx_word' id='word_1_62' title='bbox 2623 1143 2640 1170; x_wconf 87' lang='lat'><strong>,</strong></span> 
     </span>
     <span class='ocr_line' id='line_1_8' title="bbox 508 1186 2644 1261; baseline -0.001 -19"><span class='ocrx_word' id='word_1_63' title='bbox 508 1189 600 1242; x_wconf 88' lang='lat' dir='ltr'><strong>sed</strong></span> <span class='ocrx_word' id='word_1_64' title='bbox 619 1187 893 1261; x_wconf 74' lang='lat' dir='ltr'><strong>adsignant</strong></span> <span class='ocrx_word' id='word_1_65' title='bbox 915 1187 1141 1242; x_wconf 89' lang='lat' dir='ltr'><strong>maxime</strong></span> <span class='ocrx_word' id='word_1_66' title='bbox 1166 1187 1441 1242; x_wconf 85' lang='lat' dir='ltr'><strong>Occidenti</strong></span> <span class='ocrx_word' id='word_1_67' title='bbox 1463 1226 1478 1250; x_wconf 87' lang='lat'>,</span> <span class='ocrx_word' id='word_1_68' title='bbox 1513 1188 1593 1241; x_wconf 72' lang='lat' dir='ltr'><strong>ad</strong></span> <span class='ocrx_word' id='word_1_69' title='bbox 1615 1188 2062 1261; x_wconf 73' lang='lat' dir='ltr'><strong>Septentrionem</strong></span> <span class='ocrx_word' id='word_1_70' title='bbox 2085 1186 2412 1242; x_wconf 87' lang='lat' dir='ltr'><strong>continuato.</strong></span> <span class='ocrx_word' id='word_1_71' title='bbox 2443 1187 2644 1254; x_wconf 83' lang='lat' dir='ltr'><strong>Quam·</strong></span> 
     </span>
     <span class='ocr_line' id='line_1_9' title="bbox 506 1270 2643 1347; baseline -0.002 -21"><span class='ocrx_word' id='word_1_72' title='bbox 506 1291 667 1347; x_wconf 85' lang='lat' dir='ltr'><strong>quam</strong></span> <span class='ocrx_word' id='word_1_73' title='bbox 694 1273 851 1344; x_wconf 79' lang='lat' dir='ltr'><strong>igitur</strong></span> <span class='ocrx_word' id='word_1_74' title='bbox 872 1270 1197 1338; x_wconf 82' lang='lat' dir='ltr'><strong>Herodotus,</strong></span> <span class='ocrx_word' id='word_1_75' title='bbox 1224 1272 1375 1344; x_wconf 87' lang='lat' dir='ltr'><strong>isque</strong></span> <span class='ocrx_word' id='word_1_76' title='bbox 1400 1273 1544 1324; x_wconf 91' lang='lat' dir='ltr'><strong>solus</strong></span> <span class='ocrx_word' id='word_1_77' title='bbox 1563 1309 1579 1335; x_wconf 90' lang='lat'>,</span> <span class='ocrx_word' id='word_1_78' title='bbox 1609 1271 1902 1326; x_wconf 86' lang='lat' dir='ltr'><strong>Eridanum</strong></span> <span class='ocrx_word' id='word_1_79' title='bbox 1929 1291 1991 1326; x_wconf 82' lang='lat' dir='ltr'><strong>ex</strong></span> <span class='ocrx_word' id='word_1_80' title='bbox 2022 1272 2200 1324; x_wconf 85' lang='lat' dir='ltr'><strong>l&#39;abula</strong></span> <span class='ocrx_word' id='word_1_81' title='bbox 2234 1270 2448 1344; x_wconf 85' lang='lat' dir='ltr'><strong>antiqua</strong></span> <span class='ocrx_word' id='word_1_82' title='bbox 2480 1271 2643 1323; x_wconf 85' lang='lat' dir='ltr'><strong>rel&#39;ert</strong></span> 
     </span>
     <span class='ocr_line' id='line_1_10' title="bbox 505 1353 2642 1428; baseline -0.002 -19"><span class='ocrx_word' id='word_1_83' title='bbox 505 1359 563 1410; x_wconf 88' lang='lat' dir='ltr'><strong>in</strong></span> <span class='ocrx_word' id='word_1_84' title='bbox 581 1359 852 1411; x_wconf 77' lang='lat' dir='ltr'><strong>Oceanum</strong></span> <span class='ocrx_word' id='word_1_85' title='bbox 870 1354 1360 1428; x_wconf 73' lang='lat' dir='ltr'><strong>septemtrionalem</strong></span> <span class='ocrx_word' id='word_1_86' title='bbox 1380 1353 1612 1419; x_wconf 83' lang='lat' dir='ltr'><strong>effundi,</strong></span> <span class='ocrx_word' id='word_1_87' title='bbox 1644 1354 1890 1409; x_wconf 88' lang='lat' dir='ltr'><strong>eumdem</strong></span> <span class='ocrx_word' id='word_1_88' title='bbox 1923 1367 2102 1408; x_wconf 86' lang='lat' dir='ltr'><strong>tamen</strong></span> <span class='ocrx_word' id='word_1_89' title='bbox 2146 1354 2386 1427; x_wconf 85' lang='lat' dir='ltr'><strong>partibus</strong></span> <span class='ocrx_word' id='word_1_90' title='bbox 2413 1354 2642 1425; x_wconf 67' lang='lat' dir='ltr'><strong>Europa</strong></span> 
     </span>
     <span class='ocr_line' id='line_1_11' title="bbox 505 1438 2643 1512; baseline -0.003 -18"><span class='ocrx_word' id='word_1_91' title='bbox 505 1441 749 1496; x_wconf 72' lang='lat' dir='ltr'><strong>extremis</strong></span> <span class='ocrx_word' id='word_1_92' title='bbox 784 1440 1026 1512; x_wconf 75' lang='lat' dir='ltr'><strong>adsignat</strong></span> <span class='ocrx_word' id='word_1_93' title='bbox 1043 1477 1061 1503; x_wconf 86' lang='lat'>‚</span> <span class='ocrx_word' id='word_1_94' title='bbox 1098 1452 1346 1494; x_wconf 62' lang='lat' dir='ltr'><strong>ceterum</strong></span> <span class='ocrx_word' id='word_1_95' title='bbox 1384 1439 1618 1491; x_wconf 75' lang='lat' dir='ltr'><strong>fabulam</strong></span> <span class='ocrx_word' id='word_1_96' title='bbox 1661 1438 1826 1512; x_wconf 87' lang='lat' dir='ltr'><strong>ipsam</strong></span> <span class='ocrx_word' id='word_1_97' title='bbox 1867 1438 2088 1492; x_wconf 85' lang='lat' dir='ltr'><strong>damnat</strong></span> <span class='ocrx_word' id='word_1_98' title='bbox 2132 1449 2343 1511; x_wconf 87' lang='lat' dir='ltr'><strong>aperte,</strong></span> <span class='ocrx_word' id='word_1_99' title='bbox 2383 1448 2544 1508; x_wconf 87' lang='lat' dir='ltr'><strong>atque</strong></span> <span class='ocrx_word' id='word_1_100' title='bbox 2584 1447 2643 1489; x_wconf 89' lang='lat' dir='ltr'><strong>ut</strong></span> 
     </span>
     <span class='ocr_line' id='line_1_12' title="bbox 504 1521 2640 1595; baseline -0.003 -16"><span class='ocrx_word' id='word_1_101' title='bbox 504 1541 741 1579; x_wconf 83' lang='lat' dir='ltr'><strong>errorem</strong></span> <span class='ocrx_word' id='word_1_102' title='bbox 776 1523 1119 1578; x_wconf 82' lang='lat' dir='ltr'><strong>manifestum</strong></span> <span class='ocrx_word' id='word_1_103' title='bbox 1154 1541 1217 1575; x_wconf 79' lang='lat' dir='ltr'><strong>ex</strong></span> <span class='ocrx_word' id='word_1_104' title='bbox 1254 1522 1370 1595; x_wconf 91' lang='lat' dir='ltr'><strong>ipso</strong></span> <span class='ocrx_word' id='word_1_105' title='bbox 1406 1521 1634 1576; x_wconf 91' lang='lat' dir='ltr'><strong>Eridani</strong></span> <span class='ocrx_word' id='word_1_106' title='bbox 1671 1522 1916 1590; x_wconf 84' lang='lat' dir='ltr'><strong>nomine,</strong></span> <span class='ocrx_word' id='word_1_107' title='bbox 1960 1523 2150 1577; x_wconf 73' lang='lat' dir='ltr'><strong>Graeco</strong></span> <span class='ocrx_word' id='word_1_108' title='bbox 2170 1562 2186 1588; x_wconf 91' lang='lat'>,</span> <span class='ocrx_word' id='word_1_109' title='bbox 2223 1539 2337 1575; x_wconf 91' lang='lat' dir='ltr'><strong>non</strong></span> <span class='ocrx_word' id='word_1_110' title='bbox 2377 1521 2607 1574; x_wconf 83' lang='lat' dir='ltr'><strong>barbaro</strong></span> <span class='ocrx_word' id='word_1_111' title='bbox 2624 1557 2640 1583; x_wconf 91' lang='lat'>,</span> 
     </span>
     <span class='ocr_line' id='line_1_13' title="bbox 508 1601 2642 1681; baseline -0.004 -19"><span class='ocrx_word' id='word_1_112' title='bbox 508 1608 953 1681; x_wconf 45' lang='lat' dir='ltr'><strong>arguit-‚corrigit</strong></span> <span class='ocrx_word' id='word_1_113' title='bbox 983 1603 1383 1678; x_wconf 85' lang='lat' dir='ltr'><strong>quodammodo</strong></span> <span class='ocrx_word' id='word_1_114' title='bbox 1405 1603 1554 1660; x_wconf 88' lang='lat' dir='ltr'><strong>hunc</strong></span> <span class='ocrx_word' id='word_1_115' title='bbox 1579 1625 1812 1659; x_wconf 86' lang='lat' dir='ltr'><strong>errorem</strong></span> <span class='ocrx_word' id='word_1_116' title='bbox 1843 1605 2185 1678; x_wconf 82' lang='lat' dir='ltr'><strong>Apollonius,</strong></span> <span class='ocrx_word' id='word_1_117' title='bbox 2220 1615 2274 1659; x_wconf 90' lang='lat' dir='ltr'><strong>et</strong></span> <span class='ocrx_word' id='word_1_118' title='bbox 2293 1601 2642 1674; x_wconf 73' lang='lat' dir='ltr'><strong>Rhodanum,</strong></span> 
     </span>
     <span class='ocr_line' id='line_1_14' title="bbox 509 1683 2646 1762; baseline -0.005 -16"><span class='ocrx_word' id='word_1_119' title='bbox 509 1711 633 1746; x_wconf 88' lang='lat' dir='ltr'><strong>cnm</strong></span> <span class='ocrx_word' id='word_1_120' title='bbox 668 1690 907 1744; x_wconf 81' lang='lat' dir='ltr'><strong>Eridano</strong></span> <span class='ocrx_word' id='word_1_121' title='bbox 947 1689 1117 1743; x_wconf 65' lang='lat' dir='ltr'><strong>Italia</strong></span> <span class='ocrx_word' id='word_1_122' title='bbox 1152 1693 1495 1762; x_wconf 85' lang='lat' dir='ltr'><strong>conjunctum</strong></span> <span class='ocrx_word' id='word_1_123' title='bbox 1518 1727 1534 1753; x_wconf 91' lang='lat'>,</span> <span class='ocrx_word' id='word_1_124' title='bbox 1570 1686 1702 1743; x_wconf 88' lang='lat' dir='ltr'><strong>dicit</strong></span> <span class='ocrx_word' id='word_1_125' title='bbox 1738 1689 1795 1742; x_wconf 91' lang='lat' dir='ltr'><strong>in</strong></span> <span class='ocrx_word' id='word_1_126' title='bbox 1833 1689 2079 1742; x_wconf 81' lang='lat' dir='ltr'><strong>extremis</strong></span> <span class='ocrx_word' id='word_1_127' title='bbox 2117 1700 2298 1752; x_wconf 66' lang='lat' dir='ltr'><strong>terra,</strong></span> <span class='ocrx_word' id='word_1_128' title='bbox 2341 1697 2394 1740; x_wconf 89' lang='lat' dir='ltr'><strong>et</strong></span> <span class='ocrx_word' id='word_1_129' title='bbox 2433 1683 2646 1738; x_wconf 85' lang='lat' dir='ltr'><strong>sedibus</strong></span> 
     </span>
     <span class='ocr_line' id='line_1_15' title="bbox 509 1765 2643 1847; baseline -0.005 -17"><span class='ocrx_word' id='word_1_130' title='bbox 509 1777 703 1842; x_wconf 87' lang='lat' dir='ltr'><strong>noctis,</strong></span> <span class='ocrx_word' id='word_1_131' title='bbox 719 1776 774 1829; x_wconf 92' lang='lat' dir='ltr'><strong>h.</strong></span> <span class='ocrx_word' id='word_1_132' title='bbox 800 1793 845 1830; x_wconf 90' lang='lat' dir='ltr'><strong>e.</strong></span> <span class='ocrx_word' id='word_1_133' title='bbox 866 1776 919 1828; x_wconf 90' lang='lat' dir='ltr'><strong>in</strong></span> <span class='ocrx_word' id='word_1_134' title='bbox 944 1773 1195 1847; x_wconf 82' lang='lat' dir='ltr'><strong>Hesperia</strong></span> <span class='ocrx_word' id='word_1_135' title='bbox 1226 1773 1354 1826; x_wconf 90' lang='lat' dir='ltr'><strong>oriri</strong></span> <span class='ocrx_word' id='word_1_136' title='bbox 1368 1812 1383 1836; x_wconf 90' lang='lat'>,</span> <span class='ocrx_word' id='word_1_137' title='bbox 1405 1783 1567 1845; x_wconf 81' lang='lat' dir='ltr'><strong>atque</strong></span> <span class='ocrx_word' id='word_1_138' title='bbox 1589 1791 1696 1825; x_wconf 92' lang='lat' dir='ltr'><strong>uno</strong></span> <span class='ocrx_word' id='word_1_139' title='bbox 1713 1771 1936 1826; x_wconf 88' lang='lat' dir='ltr'><strong>brachio</strong></span> <span class='ocrx_word' id='word_1_140' title='bbox 1952 1772 2301 1826; x_wconf 86' lang='lat' dir='ltr'><strong>inOceanum</strong></span> <span class='ocrx_word' id='word_1_141' title='bbox 2321 1769 2516 1836; x_wconf 73' lang='lat' dir='ltr'><strong>evolvi,</strong></span> <span class='ocrx_word' id='word_1_142' title='bbox 2537 1765 2643 1821; x_wconf 86' lang='lat' dir='ltr'><strong>non</strong></span> 
     </span>
     <span class='ocr_line' id='line_1_16' title="bbox 508 1853 2645 1933; baseline -0.005 -19"><span class='ocrx_word' id='word_1_143' title='bbox 508 1859 1001 1933; x_wconf 85' lang='lat' dir='ltr'><strong>Septemtrionalem</strong></span> <span class='ocrx_word' id='word_1_144' title='bbox 1016 1896 1035 1923; x_wconf 87' lang='lat'>‚</span> <span class='ocrx_word' id='word_1_145' title='bbox 1071 1855 1167 1910; x_wconf 88' lang='lat' dir='ltr'><strong>sed</strong></span> <span class='ocrx_word' id='word_1_146' title='bbox 1188 1856 1506 1909; x_wconf 78' lang='lat' dir='ltr'><strong>Atlanticum</strong></span> <span class='ocrx_word' id='word_1_147' title='bbox 1522 1895 1538 1920; x_wconf 86' lang='lat'><strong>,</strong></span> <span class='ocrx_word' id='word_1_148' title='bbox 1566 1857 1642 1909; x_wconf 89' lang='lat' dir='ltr'><strong>uti</strong></span> <span class='ocrx_word' id='word_1_149' title='bbox 1662 1855 1858 1910; x_wconf 88' lang='lat' dir='ltr'><strong>diserte</strong></span> <span class='ocrx_word' id='word_1_150' title='bbox 1874 1856 2117 1927; x_wconf 84' lang='lat' dir='ltr'><strong>exprimit</strong></span> <span class='ocrx_word' id='word_1_151' title='bbox 2131 1856 2377 1916; x_wconf 82' lang='lat' dir='ltr'><strong>Avienus,</strong></span> <span class='ocrx_word' id='word_1_152' title='bbox 2397 1853 2492 1906; x_wconf 91' lang='lat' dir='ltr'><strong>Or.</strong></span> <span class='ocrx_word' id='word_1_153' title='bbox 2515 1871 2645 1904; x_wconf 80' lang='lat' dir='ltr'><strong>mar.</strong></span> 
     </span>
     <span class='ocr_line' id='line_1_17' title="bbox 510 1937 2646 2016; baseline -0.005 -18"><span class='ocrx_word' id='word_1_154' title='bbox 510 1965 564 1998; x_wconf 76' lang='lat' dir='ltr'><strong>v.</strong></span> <span class='ocrx_word' id='word_1_155' title='bbox 583 1946 705 2016; x_wconf 83' lang='lat'><strong>678.</strong></span> <span class='ocrx_word' id='word_1_156' title='bbox 727 1941 999 1998; x_wconf 90' lang='lat' dir='ltr'><strong>Consentit</strong></span> <span class='ocrx_word' id='word_1_157' title='bbox 1027 1940 1312 2013; x_wconf 82' lang='lat' dir='ltr'><strong>AEschylus</strong></span> <span class='ocrx_word' id='word_1_158' title='bbox 1348 1939 1487 2012; x_wconf 84' lang='lat' dir='ltr'><strong>apud</strong></span> <span class='ocrx_word' id='word_1_159' title='bbox 1515 1941 1744 1994; x_wconf 82' lang='lat' dir='ltr'><strong>Plinium</strong></span> <span class='ocrx_word' id='word_1_160' title='bbox 1767 1980 1782 2006; x_wconf 89' lang='lat'><strong>,</strong></span> <span class='ocrx_word' id='word_1_161' title='bbox 1825 1952 1878 1992; x_wconf 87' lang='lat' dir='ltr'><strong>et</strong></span> <span class='ocrx_word' id='word_1_162' title='bbox 1911 1939 2204 1993; x_wconf 82' lang='lat' dir='ltr'><strong>Eridanum</strong></span> <span class='ocrx_word' id='word_1_163' title='bbox 2235 1939 2294 1992; x_wconf 91' lang='lat' dir='ltr'><strong>in</strong></span> <span class='ocrx_word' id='word_1_164' title='bbox 2331 1937 2501 1991; x_wconf 81' lang='lat' dir='ltr'><strong>Iberia</strong></span> <span class='ocrx_word' id='word_1_165' title='bbox 2533 1953 2646 1990; x_wconf 89' lang='lat' dir='ltr'><strong>esse</strong></span> 
     </span>
     <span class='ocr_line' id='line_1_18' title="bbox 510 2018 2646 2098; baseline -0.006 -16"><span class='ocrx_word' id='word_1_166' title='bbox 510 2027 642 2083; x_wconf 87' lang='lat' dir='ltr'><strong>dicit</strong></span> <span class='ocrx_word' id='word_1_167' title='bbox 660 2065 676 2092; x_wconf 89' lang='lat'>‚</span> <span class='ocrx_word' id='word_1_168' title='bbox 704 2024 1057 2098; x_wconf 85' lang='lat' dir='ltr'><strong>eumdemque</strong></span> <span class='ocrx_word' id='word_1_169' title='bbox 1094 2023 1411 2078; x_wconf 82' lang='lat' dir='ltr'><strong>Rhodanum</strong></span> <span class='ocrx_word' id='word_1_170' title='bbox 1450 2023 1730 2096; x_wconf 70' lang='lat' dir='ltr'><strong>adpellari.</strong></span> <span class='ocrx_word' id='word_1_171' title='bbox 1765 2023 1886 2078; x_wconf 88' lang='lat' dir='ltr'><strong>Non</strong></span> <span class='ocrx_word' id='word_1_172' title='bbox 1917 2023 2077 2096; x_wconf 76' lang='lat' dir='ltr'><strong>igitur</strong></span> <span class='ocrx_word' id='word_1_173' title='bbox 2113 2022 2322 2078; x_wconf 77' lang='lat' dir='ltr'><strong>videtur</strong></span> <span class='ocrx_word' id='word_1_174' title='bbox 2349 2023 2404 2076; x_wconf 91' lang='lat' dir='ltr'><strong>in</strong></span> <span class='ocrx_word' id='word_1_175' title='bbox 2428 2018 2646 2075; x_wconf 86' lang='lat' dir='ltr'><strong>Eridani</strong></span> 
     </span>
     <span class='ocr_line' id='line_1_19' title="bbox 512 2105 2645 2182; baseline -0.003 -17"><span class='ocrx_word' id='word_1_176' title='bbox 512 2110 725 2166; x_wconf 90' lang='lat' dir='ltr'><strong>nomine</strong></span> <span class='ocrx_word' id='word_1_177' title='bbox 744 2109 936 2163; x_wconf 81' lang='lat' dir='ltr'><strong>fluvius</strong></span> <span class='ocrx_word' id='word_1_178' title='bbox 954 2107 1181 2182; x_wconf 86' lang='lat' dir='ltr'><strong>spectari</strong></span> <span class='ocrx_word' id='word_1_179' title='bbox 1204 2109 1437 2179; x_wconf 85' lang='lat' dir='ltr'><strong>potuisse</strong></span> <span class='ocrx_word' id='word_1_180' title='bbox 1452 2145 1467 2172; x_wconf 90' lang='lat'><strong>,</strong></span> <span class='ocrx_word' id='word_1_181' title='bbox 1504 2108 1600 2179; x_wconf 87' lang='lat' dir='ltr'><strong>qui</strong></span> <span class='ocrx_word' id='word_1_182' title='bbox 1638 2107 1708 2162; x_wconf 88' lang='lat' dir='ltr'><strong>ad</strong></span> <span class='ocrx_word' id='word_1_183' title='bbox 1743 2107 2154 2181; x_wconf 75' lang='lat' dir='ltr'><strong>septemtriones</strong></span> <span class='ocrx_word' id='word_1_184' title='bbox 2187 2109 2244 2162; x_wconf 91' lang='lat' dir='ltr'><strong>in</strong></span> <span class='ocrx_word' id='word_1_185' title='bbox 2271 2127 2418 2162; x_wconf 90' lang='lat' dir='ltr'><strong>mare</strong></span> <span class='ocrx_word' id='word_1_186' title='bbox 2438 2105 2645 2170; x_wconf 84' lang='lat' dir='ltr'><strong>effluat,</strong></span> 
     </span>
     <span class='ocr_line' id='line_1_20' title="bbox 510 2189 2648 2268; baseline -0.003 -20"><span class='ocrx_word' id='word_1_187' title='bbox 510 2195 683 2268; x_wconf 88' lang='lat' dir='ltr'><strong>qualis</strong></span> <span class='ocrx_word' id='word_1_188' title='bbox 712 2206 790 2247; x_wconf 90' lang='lat' dir='ltr'><strong>est</strong></span> <span class='ocrx_word' id='word_1_189' title='bbox 819 2194 1066 2246; x_wconf 85' lang='lat' dir='ltr'><strong>Rhenus:</strong></span> <span class='ocrx_word' id='word_1_190' title='bbox 1107 2192 1300 2262; x_wconf 84' lang='lat' dir='ltr'><strong>majori</strong></span> <span class='ocrx_word' id='word_1_191' title='bbox 1323 2194 1445 2264; x_wconf 84' lang='lat' dir='ltr'><strong>jure</strong></span> <span class='ocrx_word' id='word_1_192' title='bbox 1466 2191 1638 2263; x_wconf 87' lang='lat' dir='ltr'><strong>potuit</strong></span> <span class='ocrx_word' id='word_1_193' title='bbox 1661 2192 1828 2257; x_wconf 84' lang='lat' dir='ltr'><strong>alius,</strong></span> <span class='ocrx_word' id='word_1_194' title='bbox 1854 2191 1921 2245; x_wconf 89' lang='lat' dir='ltr'><strong>ad</strong></span> <span class='ocrx_word' id='word_1_195' title='bbox 1949 2191 2295 2246; x_wconf 81' lang='lat' dir='ltr'><strong>Occidentem</strong></span> <span class='ocrx_word' id='word_1_196' title='bbox 2331 2189 2492 2263; x_wconf 76' lang='lat' dir='ltr'><strong>magis</strong></span> <span class='ocrx_word' id='word_1_197' title='bbox 2522 2209 2648 2243; x_wconf 78' lang='lat' dir='ltr'><strong>ver-</strong></span> 
     </span>
     <span class='ocr_line' id='line_1_21' title="bbox 512 2273 2649 2350; baseline -0.001 -21"><span class='ocrx_word' id='word_1_198' title='bbox 512 2295 640 2349; x_wconf 73' lang='lat' dir='ltr'><strong>gens</strong></span> <span class='ocrx_word' id='word_1_199' title='bbox 668 2288 721 2330; x_wconf 88' lang='lat' dir='ltr'><strong>et</strong></span> <span class='ocrx_word' id='word_1_200' title='bbox 744 2273 1001 2328; x_wconf 80' lang='lat' dir='ltr'><strong>Rhodano</strong></span> <span class='ocrx_word' id='word_1_201' title='bbox 1028 2273 1236 2328; x_wconf 76' lang='lat' dir='ltr'><strong>vicinus</strong></span> <span class='ocrx_word' id='word_1_202' title='bbox 1254 2311 1269 2338; x_wconf 89' lang='lat'>‚</span> <span class='ocrx_word' id='word_1_203' title='bbox 1297 2275 1455 2347; x_wconf 78' lang='lat' dir='ltr'><strong>Liger</strong></span> <span class='ocrx_word' id='word_1_204' title='bbox 1482 2287 1574 2328; x_wconf 92' lang='lat' dir='ltr'><strong>aut</strong></span> <span class='ocrx_word' id='word_1_205' title='bbox 1595 2275 1867 2328; x_wconf 76' lang='lat' dir='ltr'><strong>Garumna</strong></span> <span class='ocrx_word' id='word_1_206' title='bbox 1887 2313 1902 2339; x_wconf 90' lang='lat'>‚</span> <span class='ocrx_word' id='word_1_207' title='bbox 1931 2274 2075 2350; x_wconf 88' lang='lat' dir='ltr'><strong>quod</strong></span> <span class='ocrx_word' id='word_1_208' title='bbox 2103 2273 2364 2329; x_wconf 72' lang='lat' dir='ltr'><strong>Eridanus</strong></span> <span class='ocrx_word' id='word_1_209' title='bbox 2389 2275 2447 2328; x_wconf 90' lang='lat' dir='ltr'><strong>in</strong></span> <span class='ocrx_word' id='word_1_210' title='bbox 2468 2273 2649 2327; x_wconf 88' lang='lat' dir='ltr'><strong>Atlan-</strong></span> 
     </span>
     <span class='ocr_line' id='line_1_22' title="bbox 514 2356 2649 2433; baseline -0.002 -20"><span class='ocrx_word' id='word_1_211' title='bbox 514 2361 683 2413; x_wconf 86' lang='lat' dir='ltr'><strong>ticum</strong></span> <span class='ocrx_word' id='word_1_212' title='bbox 720 2377 869 2412; x_wconf 88' lang='lat' dir='ltr'><strong>mare</strong></span> <span class='ocrx_word' id='word_1_213' title='bbox 906 2357 1081 2411; x_wconf 83' lang='lat' dir='ltr'><strong>delabi</strong></span> <span class='ocrx_word' id='word_1_214' title='bbox 1116 2356 1334 2411; x_wconf 89' lang='lat' dir='ltr'><strong>dicitur.</strong></span> <span class='ocrx_word' id='word_1_215' title='bbox 1380 2358 1448 2411; x_wconf 86' lang='lat' dir='ltr'><strong>Et</strong></span> <span class='ocrx_word' id='word_1_216' title='bbox 1486 2359 1866 2430; x_wconf 70' lang='lat' dir='ltr'><strong>antiquissimis</strong></span> <span class='ocrx_word' id='word_1_217' title='bbox 1902 2360 2228 2433; x_wconf 84' lang='lat' dir='ltr'><strong>temporibus</strong></span> <span class='ocrx_word' id='word_1_218' title='bbox 2253 2377 2360 2412; x_wconf 91' lang='lat' dir='ltr'><strong>non</strong></span> <span class='ocrx_word' id='word_1_219' title='bbox 2387 2378 2446 2411; x_wconf 84' lang='lat' dir='ltr'><strong>ea</strong></span> <span class='ocrx_word' id='word_1_220' title='bbox 2473 2357 2649 2410; x_wconf 84' lang='lat' dir='ltr'><strong>Rheni</strong></span> 
     </span>
     <span class='ocr_line' id='line_1_23' title="bbox 514 2438 2650 2516; baseline -0.002 -20"><span class='ocrx_word' id='word_1_221' title='bbox 514 2442 700 2497; x_wconf 88' lang='lat' dir='ltr'><strong>notitia</strong></span> <span class='ocrx_word' id='word_1_222' title='bbox 726 2442 852 2507; x_wconf 74' lang='lat' dir='ltr'><strong>suit,</strong></span> <span class='ocrx_word' id='word_1_223' title='bbox 878 2451 937 2494; x_wconf 90' lang='lat' dir='ltr'><strong>ut</strong></span> <span class='ocrx_word' id='word_1_224' title='bbox 968 2438 1207 2493; x_wconf 79' lang='lat' dir='ltr'><strong>Eridano</strong></span> <span class='ocrx_word' id='word_1_225' title='bbox 1233 2440 1524 2512; x_wconf 76' lang='lat' dir='ltr'><strong>significari</strong></span> <span class='ocrx_word' id='word_1_226' title='bbox 1553 2442 1806 2515; x_wconf 87' lang='lat' dir='ltr'><strong>potuerit.</strong></span> <span class='ocrx_word' id='word_1_227' title='bbox 1841 2442 2129 2498; x_wconf 82' lang='lat' dir='ltr'><strong>Rhodanus</strong></span> <span class='ocrx_word' id='word_1_228' title='bbox 2153 2443 2332 2516; x_wconf 85' lang='lat' dir='ltr'><strong>potius</strong></span> <span class='ocrx_word' id='word_1_229' title='bbox 2361 2458 2484 2514; x_wconf 74' lang='lat' dir='ltr'><strong>cum</strong></span> <span class='ocrx_word' id='word_1_230' title='bbox 2512 2440 2650 2514; x_wconf 83' lang='lat' dir='ltr'><strong>Alpi-</strong></span> 
     </span>
     <span class='ocr_line' id='line_1_24' title="bbox 515 2524 2648 2599; baseline -0.002 -18"><span class='ocrx_word' id='word_1_231' title='bbox 515 2529 645 2595; x_wconf 85' lang='lat' dir='ltr'><strong>bus,</strong></span> <span class='ocrx_word' id='word_1_232' title='bbox 682 2538 742 2581; x_wconf 88' lang='lat' dir='ltr'><strong>ut</strong></span> <span class='ocrx_word' id='word_1_233' title='bbox 776 2525 1035 2579; x_wconf 88' lang='lat' dir='ltr'><strong>hactenus</strong></span> <span class='ocrx_word' id='word_1_234' title='bbox 1068 2526 1329 2577; x_wconf 77' lang='lat' dir='ltr'><strong>Avienum</strong></span> <span class='ocrx_word' id='word_1_235' title='bbox 1352 2524 1583 2580; x_wconf 78' lang='lat' dir='ltr'><strong>vidimus</strong></span> <span class='ocrx_word' id='word_1_236' title='bbox 1608 2545 1673 2581; x_wconf 81' lang='lat' dir='ltr'><strong>ex</strong></span> <span class='ocrx_word' id='word_1_237' title='bbox 1709 2526 1942 2599; x_wconf 74' lang='lat' dir='ltr'><strong>antiquis</strong></span> <span class='ocrx_word' id='word_1_238' title='bbox 1981 2526 2324 2599; x_wconf 78' lang='lat' dir='ltr'><strong>scriptoribus</strong></span> <span class='ocrx_word' id='word_1_239' title='bbox 2357 2526 2584 2590; x_wconf 73' lang='lat' dir='ltr'><strong>reform,</strong></span> <span class='ocrx_word' id='word_1_240' title='bbox 2615 2542 2648 2577; x_wconf 90' lang='lat' dir='ltr'><strong>a</strong></span> 
     </span>
     <span class='ocr_line' id='line_1_25' title="bbox 518 2609 2648 2684; baseline -0.001 -18"><span class='ocrx_word' id='word_1_241' title='bbox 518 2612 735 2667; x_wconf 78' lang='lat' dir='ltr'><strong>vetustis</strong></span> <span class='ocrx_word' id='word_1_242' title='bbox 756 2609 1001 2684; x_wconf 77' lang='lat' dir='ltr'><strong>gentibus</strong></span> <span class='ocrx_word' id='word_1_243' title='bbox 1026 2628 1127 2681; x_wconf 88' lang='lat' dir='ltr'><strong>pro</strong></span> <span class='ocrx_word' id='word_1_244' title='bbox 1148 2609 1255 2663; x_wconf 82' lang='lat' dir='ltr'><strong>fine</strong></span> <span class='ocrx_word' id='word_1_245' title='bbox 1274 2610 1419 2664; x_wconf 86' lang='lat' dir='ltr'><strong>orbis</strong></span> <span class='ocrx_word' id='word_1_246' title='bbox 1435 2610 1661 2665; x_wconf 87' lang='lat' dir='ltr'><strong>habitati</strong></span> <span class='ocrx_word' id='word_1_247' title='bbox 1683 2623 1762 2665; x_wconf 88' lang='lat' dir='ltr'><strong>est</strong></span> <span class='ocrx_word' id='word_1_248' title='bbox 1786 2610 2001 2665; x_wconf 83' lang='lat' dir='ltr'><strong>habitus</strong></span> <span class='ocrx_word' id='word_1_249' title='bbox 2015 2650 2030 2677; x_wconf 90' lang='lat'><strong>,</strong></span> <span class='ocrx_word' id='word_1_250' title='bbox 2063 2610 2210 2664; x_wconf 90' lang='lat' dir='ltr'><strong>unde</strong></span> <span class='ocrx_word' id='word_1_251' title='bbox 2234 2610 2386 2663; x_wconf 87' lang='lat' dir='ltr'><strong>limes</strong></span> <span class='ocrx_word' id='word_1_252' title='bbox 2409 2610 2648 2681; x_wconf 86' lang='lat' dir='ltr'><strong>Septem·</strong></span> 
     </span>
     <span class='ocr_line' id='line_1_26' title="bbox 516 2693 2650 2768; baseline -0.001 -18"><span class='ocrx_word' id='word_1_253' title='bbox 516 2696 755 2750; x_wconf 86' lang='lat' dir='ltr'><strong>trionalis</strong></span> <span class='ocrx_word' id='word_1_254' title='bbox 776 2694 940 2768; x_wconf 67' lang='lat' dir='ltr'><strong>plaga</strong></span> <span class='ocrx_word' id='word_1_255' title='bbox 968 2705 1019 2747; x_wconf 90' lang='lat' dir='ltr'><strong>et</strong></span> <span class='ocrx_word' id='word_1_256' title='bbox 1046 2694 1217 2749; x_wconf 86' lang='lat' dir='ltr'><strong>noctis</strong></span> <span class='ocrx_word' id='word_1_257' title='bbox 1245 2695 1477 2749; x_wconf 78' lang='lat' dir='ltr'><strong>confinia</strong></span> <span class='ocrx_word' id='word_1_258' title='bbox 1509 2694 1867 2760; x_wconf 86' lang='lat' dir='ltr'><strong>ducerentur;</strong></span> <span class='ocrx_word' id='word_1_259' title='bbox 1907 2715 2030 2768; x_wconf 69' lang='lat' dir='ltr'><strong>qun</strong></span> <span class='ocrx_word' id='word_1_260' title='bbox 2062 2694 2200 2749; x_wconf 88' lang='lat' dir='ltr'><strong>ultra</strong></span> <span class='ocrx_word' id='word_1_261' title='bbox 2226 2694 2548 2749; x_wconf 73' lang='lat' dir='ltr'><strong>Rhodanum</strong></span> <span class='ocrx_word' id='word_1_262' title='bbox 2579 2693 2650 2748; x_wconf 81' lang='lat' dir='ltr'><strong>ad</strong></span> 
     </span>
     <span class='ocr_line' id='line_1_27' title="bbox 516 2776 2650 2854; baseline -0.003 -17"><span class='ocrx_word' id='word_1_263' title='bbox 516 2780 955 2853; x_wconf 80' lang='lat' dir='ltr'><strong>septemtrionem</strong></span> <span class='ocrx_word' id='word_1_264' title='bbox 972 2792 1175 2846; x_wconf 89' lang='lat' dir='ltr'><strong>essent,</strong></span> <span class='ocrx_word' id='word_1_265' title='bbox 1216 2776 1435 2833; x_wconf 79' lang='lat' dir='ltr'><strong>suerunt</strong></span> <span class='ocrx_word' id='word_1_266' title='bbox 1454 2780 1749 2853; x_wconf 81' lang='lat' dir='ltr'><strong>incognita.</strong></span> <span class='ocrx_word' id='word_1_267' title='bbox 1781 2781 2034 2854; x_wconf 82' lang='lat' dir='ltr'><strong>Hercynii</strong></span> <span class='ocrx_word' id='word_1_268' title='bbox 2059 2778 2280 2852; x_wconf 87' lang='lat' dir='ltr'><strong>quidem</strong></span> <span class='ocrx_word' id='word_1_269' title='bbox 2306 2779 2499 2833; x_wconf 90' lang='lat' dir='ltr'><strong>montis</strong></span> <span class='ocrx_word' id='word_1_270' title='bbox 2515 2817 2531 2844; x_wconf 88' lang='lat'>,</span> <span class='ocrx_word' id='word_1_271' title='bbox 2555 2779 2650 2849; x_wconf 89' lang='lat' dir='ltr'><strong>qui</strong></span> 
     </span>
     <span class='ocr_line' id='line_1_28' title="bbox 520 2863 2651 2940; baseline -0.002 -21"><span class='ocrx_word' id='word_1_272' title='bbox 520 2864 589 2919; x_wconf 87' lang='lat' dir='ltr'><strong>ad</strong></span> <span class='ocrx_word' id='word_1_273' title='bbox 606 2864 1043 2937; x_wconf 83' lang='lat' dir='ltr'><strong>Septemtrionem</strong></span> <span class='ocrx_word' id='word_1_274' title='bbox 1066 2863 1374 2934; x_wconf 77' lang='lat' dir='ltr'><strong>porrigitur,</strong></span> <span class='ocrx_word' id='word_1_275' title='bbox 1400 2864 1724 2919; x_wconf 86' lang='lat' dir='ltr'><strong>mentionem</strong></span> <span class='ocrx_word' id='word_1_276' title='bbox 1751 2864 1918 2940; x_wconf 85' lang='lat' dir='ltr'><strong>injicit</strong></span> <span class='ocrx_word' id='word_1_277' title='bbox 1939 2865 2277 2938; x_wconf 88' lang='lat' dir='ltr'><strong>Apollonius,</strong></span> <span class='ocrx_word' id='word_1_278' title='bbox 2295 2884 2324 2918; x_wconf 91' lang='lat' dir='ltr'><strong>e</strong></span> <span class='ocrx_word' id='word_1_279' title='bbox 2349 2884 2457 2938; x_wconf 88' lang='lat' dir='ltr'><strong>quo</strong></span> <span class='ocrx_word' id='word_1_280' title='bbox 2479 2864 2651 2917; x_wconf 78' lang='lat' dir='ltr'><strong>Iuno-</strong></span> 
     </span>
     <span class='ocr_line' id='line_1_29' title="bbox 518 2946 2654 3020; baseline -0.002 -16"><span class='ocrx_word' id='word_1_281' title='bbox 518 2968 639 3004; x_wconf 85' lang='lat' dir='ltr'><strong>nem</strong></span> <span class='ocrx_word' id='word_1_282' title='bbox 658 2986 675 3013; x_wconf 86' lang='lat'><strong>,</strong></span> <span class='ocrx_word' id='word_1_283' title='bbox 705 2948 779 3003; x_wconf 86' lang='lat' dir='ltr'><strong>ait</strong></span> <span class='ocrx_word' id='word_1_284' title='bbox 794 2986 810 3012; x_wconf 91' lang='lat'>,</span> <span class='ocrx_word' id='word_1_285' title='bbox 832 2947 961 3002; x_wconf 68' lang='lat' dir='ltr'><strong>calo</strong></span> <span class='ocrx_word' id='word_1_286' title='bbox 978 2946 1247 3019; x_wconf 75' lang='lat' dir='ltr'><strong>delapsam</strong></span> <span class='ocrx_word' id='word_1_287' title='bbox 1270 2948 1604 3020; x_wconf 73' lang='lat' dir='ltr'><strong>Argonautas</strong></span> <span class='ocrx_word' id='word_1_288' title='bbox 1621 2986 1637 3010; x_wconf 87' lang='lat'>‚</span> <span class='ocrx_word' id='word_1_289' title='bbox 1667 2968 1700 3001; x_wconf 88' lang='lat' dir='ltr'><strong>e</strong></span> <span class='ocrx_word' id='word_1_290' title='bbox 1716 2947 1976 3002; x_wconf 85' lang='lat' dir='ltr'><strong>Rhodano</strong></span> <span class='ocrx_word' id='word_1_291' title='bbox 2003 2947 2070 3003; x_wconf 89' lang='lat' dir='ltr'><strong>ad</strong></span> <span class='ocrx_word' id='word_1_292' title='bbox 2092 2948 2297 3003; x_wconf 82' lang='lat' dir='ltr'><strong>Oceani</strong></span> <span class='ocrx_word' id='word_1_293' title='bbox 2321 2966 2480 3020; x_wconf 85' lang='lat' dir='ltr'><strong>rupes</strong></span> <span class='ocrx_word' id='word_1_294' title='bbox 2504 2964 2654 3017; x_wconf 83' lang='lat' dir='ltr'><strong>aspe-</strong></span> 
     </span>
     <span class='ocr_line' id='line_1_30' title="bbox 520 3028 2654 3106; baseline 0 -21"><span class='ocrx_word' id='word_1_295' title='bbox 520 3050 607 3085; x_wconf 87' lang='lat' dir='ltr'><strong>ras</strong></span> <span class='ocrx_word' id='word_1_296' title='bbox 642 3028 879 3098; x_wconf 84' lang='lat' dir='ltr'><strong>delatos,</strong></span> <span class='ocrx_word' id='word_1_297' title='bbox 911 3029 981 3084; x_wconf 92' lang='lat' dir='ltr'><strong>de</strong></span> <span class='ocrx_word' id='word_1_298' title='bbox 1012 3031 1257 3103; x_wconf 89' lang='lat' dir='ltr'><strong>periculo</strong></span> <span class='ocrx_word' id='word_1_299' title='bbox 1300 3032 1592 3086; x_wconf 88' lang='lat' dir='ltr'><strong>monuisse.</strong></span> <span class='ocrx_word' id='word_1_300' title='bbox 1626 3033 1802 3097; x_wconf 88' lang='lat' dir='ltr'><strong>Quem</strong></span> <span class='ocrx_word' id='word_1_301' title='bbox 1827 3032 2154 3106; x_wconf 79' lang='lat' dir='ltr'><strong>Hercynium</strong></span> <span class='ocrx_word' id='word_1_302' title='bbox 2179 3048 2348 3105; x_wconf 84' lang='lat' dir='ltr'><strong>quum</strong></span> <span class='ocrx_word' id='word_1_303' title='bbox 2373 3032 2654 3103; x_wconf 84' lang='lat' dir='ltr'><strong>scriptores</strong></span> 
     </span>
     <span class='ocr_line' id='line_1_31' title="bbox 520 3112 2653 3188; baseline -0 -18"><span class='ocrx_word' id='word_1_304' title='bbox 520 3116 609 3170; x_wconf 91' lang='lat' dir='ltr'><strong>alii</strong></span> <span class='ocrx_word' id='word_1_305' title='bbox 648 3112 942 3167; x_wconf 62' lang='lat' dir='ltr'><strong>Germania</strong></span> <span class='ocrx_word' id='word_1_306' title='bbox 976 3114 1307 3185; x_wconf 86' lang='lat' dir='ltr'><strong>potissimum</strong></span> <span class='ocrx_word' id='word_1_307' title='bbox 1344 3115 1587 3169; x_wconf 86' lang='lat' dir='ltr'><strong>ulteriori</strong></span> <span class='ocrx_word' id='word_1_308' title='bbox 1613 3114 1916 3188; x_wconf 70' lang='lat' dir='ltr'><strong>adsignent,</strong></span> <span class='ocrx_word' id='word_1_309' title='bbox 1951 3116 2079 3171; x_wconf 88' lang='lat' dir='ltr'><strong>hinc</strong></span> <span class='ocrx_word' id='word_1_310' title='bbox 2113 3117 2310 3172; x_wconf 86' lang='lat' dir='ltr'><strong>clariss.</strong></span> <span class='ocrx_word' id='word_1_311' title='bbox 2330 3114 2551 3171; x_wconf 84' lang='lat' dir='ltr'><strong>Vossius</strong></span> <span class='ocrx_word' id='word_1_312' title='bbox 2583 3116 2653 3169; x_wconf 86' lang='lat' dir='ltr'><strong>ab</strong></span> 
     </span>
     <span class='ocr_line' id='line_1_32' title="bbox 518 3195 2655 3275; baseline 0 -23"><span class='ocrx_word' id='word_1_313' title='bbox 518 3196 807 3271; x_wconf 86' lang='lat' dir='ltr'><strong>Apollonio</strong></span> <span class='ocrx_word' id='word_1_314' title='bbox 832 3195 999 3249; x_wconf 84' lang='lat' dir='ltr'><strong>credit</strong></span> <span class='ocrx_word' id='word_1_315' title='bbox 1022 3196 1279 3250; x_wconf 83' lang='lat' dir='ltr'><strong>indicium</strong></span> <span class='ocrx_word' id='word_1_316' title='bbox 1314 3199 1487 3253; x_wconf 85' lang='lat' dir='ltr'><strong>Rheni</strong></span> <span class='ocrx_word' id='word_1_317' title='bbox 1519 3198 1634 3253; x_wconf 79' lang='lat' dir='ltr'><strong>fieri</strong></span> <span class='ocrx_word' id='word_1_318' title='bbox 1649 3238 1664 3260; x_wconf 87' lang='lat'><strong>.</strong></span> <span class='ocrx_word' id='word_1_319' title='bbox 1701 3218 1797 3271; x_wconf 81' lang='lat' dir='ltr'><strong>per</strong></span> <span class='ocrx_word' id='word_1_320' title='bbox 1827 3201 1994 3255; x_wconf 84' lang='lat' dir='ltr'><strong>saltus</strong></span> <span class='ocrx_word' id='word_1_321' title='bbox 2020 3202 2314 3275; x_wconf 73' lang='lat' dir='ltr'><strong>Hercynius</strong></span> <span class='ocrx_word' id='word_1_322' title='bbox 2329 3198 2558 3255; x_wconf 85' lang='lat' dir='ltr'><strong>fluentis.</strong></span> <span class='ocrx_word' id='word_1_323' title='bbox 2585 3202 2655 3253; x_wconf 66' lang='lat' dir='ltr'><strong>Aa</strong></span> 
     </span>
     <span class='ocr_line' id='line_1_33' title="bbox 522 3282 2654 3357; baseline -0.001 -19"><span class='ocrx_word' id='word_1_324' title='bbox 522 3282 657 3338; x_wconf 90' lang='lat' dir='ltr'><strong>mihi</strong></span> <span class='ocrx_word' id='word_1_325' title='bbox 676 3282 895 3355; x_wconf 87' lang='lat' dir='ltr'><strong>quidem</strong></span> <span class='ocrx_word' id='word_1_326' title='bbox 922 3298 987 3333; x_wconf 86' lang='lat' dir='ltr'><strong>ex</strong></span> <span class='ocrx_word' id='word_1_327' title='bbox 1006 3282 1291 3352; x_wconf 85' lang='lat' dir='ltr'><strong>Apollonio</strong></span> <span class='ocrx_word' id='word_1_328' title='bbox 1305 3323 1321 3347; x_wconf 87' lang='lat'>‚</span> <span class='ocrx_word' id='word_1_329' title='bbox 1360 3282 1452 3355; x_wconf 84' lang='lat' dir='ltr'><strong>qui</strong></span> <span class='ocrx_word' id='word_1_330' title='bbox 1479 3285 1810 3355; x_wconf 82' lang='lat' dir='ltr'><strong>Argonautas</strong></span> <span class='ocrx_word' id='word_1_331' title='bbox 1839 3284 2032 3338; x_wconf 84' lang='lat' dir='ltr'><strong>diserte</strong></span> <span class='ocrx_word' id='word_1_332' title='bbox 2053 3304 2146 3357; x_wconf 85' lang='lat' dir='ltr'><strong>per</strong></span> <span class='ocrx_word' id='word_1_333' title='bbox 2163 3282 2476 3338; x_wconf 80' lang='lat' dir='ltr'><strong>Rhodanum</strong></span> <span class='ocrx_word' id='word_1_334' title='bbox 2505 3282 2654 3337; x_wconf 83' lang='lat' dir='ltr'><strong>navi·</strong></span> 
     </span>
     <span class='ocr_line' id='line_1_34' title="bbox 524 3362 2656 3443; baseline -0.002 -20"><span class='ocrx_word' id='word_1_335' title='bbox 524 3386 647 3442; x_wconf 74' lang='lat' dir='ltr'><strong>gare</strong></span> <span class='ocrx_word' id='word_1_336' title='bbox 667 3367 791 3421; x_wconf 78' lang='lat' dir='ltr'><strong>facit</strong></span> <span class='ocrx_word' id='word_1_337' title='bbox 806 3403 823 3430; x_wconf 90' lang='lat'><em>,</em></span> <span class='ocrx_word' id='word_1_338' title='bbox 850 3364 983 3418; x_wconf 88' lang='lat' dir='ltr'><strong>nihil</strong></span> <span class='ocrx_word' id='word_1_339' title='bbox 1011 3362 1160 3417; x_wconf 88' lang='lat' dir='ltr'><strong>aliud</strong></span> <span class='ocrx_word' id='word_1_340' title='bbox 1184 3364 1353 3437; x_wconf 87' lang='lat' dir='ltr'><strong>liquet</strong></span> <span class='ocrx_word' id='word_1_341' title='bbox 1366 3406 1381 3433; x_wconf 90' lang='lat'><strong>,</strong></span> <span class='ocrx_word' id='word_1_342' title='bbox 1398 3384 1562 3439; x_wconf 77' lang='lat' dir='ltr'><strong>qnam</strong></span> <span class='ocrx_word' id='word_1_343' title='bbox 1581 3366 1874 3443; x_wconf 81' lang='lat' dir='ltr'><strong>Hercynius</strong></span> <span class='ocrx_word' id='word_1_344' title='bbox 1889 3379 2096 3421; x_wconf 79' lang='lat' dir='ltr'><strong>montes</strong></span> <span class='ocrx_word' id='word_1_345' title='bbox 2118 3368 2187 3420; x_wconf 83' lang='lat' dir='ltr'><strong>ab</strong></span> <span class='ocrx_word' id='word_1_346' title='bbox 2203 3386 2270 3421; x_wconf 91' lang='lat' dir='ltr'><strong>eo</strong></span> <span class='ocrx_word' id='word_1_347' title='bbox 2294 3367 2495 3422; x_wconf 76' lang='lat' dir='ltr'><strong>vicinos</strong></span> <span class='ocrx_word' id='word_1_348' title='bbox 2514 3366 2656 3419; x_wconf 82' lang='lat' dir='ltr'><strong>Rho-</strong></span> 
     </span>
     <span class='ocr_line' id='line_1_35' title="bbox 523 3448 2656 3524; baseline -0 -18"><span class='ocrx_word' id='word_1_349' title='bbox 523 3452 664 3506; x_wconf 85' lang='lat' dir='ltr'><strong>dano</strong></span> <span class='ocrx_word' id='word_1_350' title='bbox 692 3450 853 3523; x_wconf 87' lang='lat' dir='ltr'><strong>poni,</strong></span> <span class='ocrx_word' id='word_1_351' title='bbox 875 3466 1013 3521; x_wconf 84' lang='lat' dir='ltr'><strong>quos</strong></span> <span class='ocrx_word' id='word_1_352' title='bbox 1042 3448 1205 3502; x_wconf 84' lang='lat' dir='ltr'><strong>etiam</strong></span> <span class='ocrx_word' id='word_1_353' title='bbox 1222 3449 1441 3505; x_wconf 83' lang='lat' dir='ltr'><strong>Veteres</strong></span> <span class='ocrx_word' id='word_1_354' title='bbox 1467 3451 1560 3505; x_wconf 88' lang='lat' dir='ltr'><strong>alii</strong></span> <span class='ocrx_word' id='word_1_355' title='bbox 1599 3470 1722 3505; x_wconf 89' lang='lat' dir='ltr'><strong>cum</strong></span> <span class='ocrx_word' id='word_1_356' title='bbox 1755 3452 1974 3524; x_wconf 77' lang='lat' dir='ltr'><strong>Alpibus</strong></span> <span class='ocrx_word' id='word_1_357' title='bbox 2005 3452 2417 3506; x_wconf 80' lang='lat' dir='ltr'><strong>confundebant.</strong></span> <span class='ocrx_word' id='word_1_358' title='bbox 2447 3452 2656 3505; x_wconf 84' lang='lat' dir='ltr'><strong>Clarius</strong></span> 
     </span>
     <span class='ocr_line' id='line_1_36' title="bbox 524 3532 2657 3609; baseline -0.001 -20"><span class='ocrx_word' id='word_1_359' title='bbox 524 3536 631 3589; x_wconf 89' lang='lat' dir='ltr'><strong>hoc</strong></span> <span class='ocrx_word' id='word_1_360' title='bbox 658 3532 921 3606; x_wconf 71' lang='lat' dir='ltr'><strong>significat</strong></span> <span class='ocrx_word' id='word_1_361' title='bbox 940 3532 1053 3599; x_wconf 89' lang='lat' dir='ltr'><strong>ille,</strong></span> <span class='ocrx_word' id='word_1_362' title='bbox 1085 3533 1177 3587; x_wconf 89' lang='lat' dir='ltr'><strong>ubi</strong></span> <span class='ocrx_word' id='word_1_363' title='bbox 1199 3534 1534 3606; x_wconf 71' lang='lat' dir='ltr'><strong>Argonautas</strong></span> <span class='ocrx_word' id='word_1_364' title='bbox 1553 3572 1568 3599; x_wconf 86' lang='lat'><strong>,</strong></span> <span class='ocrx_word' id='word_1_365' title='bbox 1599 3554 1662 3591; x_wconf 81' lang='lat' dir='ltr'><strong>ex</strong></span> <span class='ocrx_word' id='word_1_366' title='bbox 1693 3546 1872 3589; x_wconf 88' lang='lat' dir='ltr'><strong>monte</strong></span> <span class='ocrx_word' id='word_1_367' title='bbox 1893 3535 2164 3609; x_wconf 76' lang='lat' dir='ltr'><strong>Hercynio</strong></span> <span class='ocrx_word' id='word_1_368' title='bbox 2187 3535 2414 3589; x_wconf 87' lang='lat' dir='ltr'><strong>monitos</strong></span> <span class='ocrx_word' id='word_1_369' title='bbox 2433 3572 2450 3597; x_wconf 83' lang='lat'>‚</span> <span class='ocrx_word' id='word_1_370' title='bbox 2487 3546 2538 3587; x_wconf 91' lang='lat' dir='ltr'><strong>et</strong></span> <span class='ocrx_word' id='word_1_371' title='bbox 2561 3550 2657 3605; x_wconf 86' lang='lat' dir='ltr'><strong>per</strong></span> 
     </span>
     <span class='ocr_line' id='line_1_37' title="bbox 524 3614 2658 3692; baseline 0 -21"><span class='ocrx_word' id='word_1_372' title='bbox 524 3616 841 3671; x_wconf 88' lang='lat' dir='ltr'><strong>Rhodanum</strong></span> <span class='ocrx_word' id='word_1_373' title='bbox 881 3616 951 3671; x_wconf 86' lang='lat' dir='ltr'><strong>ad</strong></span> <span class='ocrx_word' id='word_1_374' title='bbox 983 3614 1247 3673; x_wconf 87' lang='lat' dir='ltr'><strong>Sardoum</strong></span> <span class='ocrx_word' id='word_1_375' title='bbox 1266 3618 1506 3690; x_wconf 73' lang='lat' dir='ltr'><strong>,pelagus</strong></span> <span class='ocrx_word' id='word_1_376' title='bbox 1541 3632 1830 3675; x_wconf 75' lang='lat' dir='ltr'><strong>reu-cactos</strong></span> <span class='ocrx_word' id='word_1_377' title='bbox 1847 3658 1864 3683; x_wconf 93' lang='lat'>‚</span> <span class='ocrx_word' id='word_1_378' title='bbox 1915 3620 2046 3674; x_wconf 85' lang='lat' dir='ltr'><strong>dicit</strong></span> <span class='ocrx_word' id='word_1_379' title='bbox 2084 3632 2264 3692; x_wconf 76' lang='lat' dir='ltr'><strong>gentes</strong></span> <span class='ocrx_word' id='word_1_380' title='bbox 2297 3618 2570 3673; x_wconf 89' lang='lat' dir='ltr'><strong>Celtarum</strong></span> <span class='ocrx_word' id='word_1_381' title='bbox 2605 3628 2658 3671; x_wconf 88' lang='lat' dir='ltr'><strong>et</strong></span> 
     </span>
     <span class='ocr_line' id='line_1_38' title="bbox 524 3702 2671 3777; baseline 0.002 -24"><span class='ocrx_word' id='word_1_382' title='bbox 524 3702 783 3773; x_wconf 71' lang='lat' dir='ltr'><strong>Ligurum</strong></span> <span class='ocrx_word' id='word_1_383' title='bbox 802 3720 1126 3773; x_wconf 72' lang='lat' dir='ltr'><strong>peragrasse.</strong></span> <span class='ocrx_word' id='word_1_384' title='bbox 1152 3702 1241 3756; x_wconf 90' lang='lat' dir='ltr'><strong>Sic</strong></span> <span class='ocrx_word' id='word_1_385' title='bbox 1276 3704 1419 3756; x_wconf 88' lang='lat' dir='ltr'><strong>enim</strong></span> <span class='ocrx_word' id='word_1_386' title='bbox 1458 3704 1754 3777; x_wconf 80' lang='lat' dir='ltr'><strong>Hercynius</strong></span> <span class='ocrx_word' id='word_1_387' title='bbox 1779 3706 1940 3760; x_wconf 84' lang='lat' dir='ltr'><strong>Celtis</strong></span> <span class='ocrx_word' id='word_1_388' title='bbox 1969 3716 2022 3759; x_wconf 90' lang='lat' dir='ltr'><strong>et</strong></span> <span class='ocrx_word' id='word_1_389' title='bbox 2049 3706 2331 3777; x_wconf 76' lang='lat' dir='ltr'><strong>Liguribus</strong></span> <span class='ocrx_word' id='word_1_390' title='bbox 2355 3702 2630 3775; x_wconf 72' lang='lat' dir='ltr'><strong>pretendit</strong></span> <span class='ocrx_word' id='word_1_391' title='bbox 2641 3730 2671 3770; x_wconf 84' lang='lat'><strong>,-</strong></span> 
     </span>
     <span class='ocr_line' id='line_1_39' title="bbox 525 3783 2658 3862; baseline 0.002 -24"><span class='ocrx_word' id='word_1_392' title='bbox 525 3784 594 3838; x_wconf 91' lang='lat' dir='ltr'><strong>ad</strong></span> <span class='ocrx_word' id='word_1_393' title='bbox 612 3783 865 3839; x_wconf 85' lang='lat' dir='ltr'><strong>ulteriora</strong></span> <span class='ocrx_word' id='word_1_394' title='bbox 888 3786 1283 3857; x_wconf 84' lang='lat' dir='ltr'><strong>Septemtriouis</strong></span> <span class='ocrx_word' id='word_1_395' title='bbox 1302 3828 1317 3855; x_wconf 89' lang='lat'><strong>,</strong></span> <span class='ocrx_word' id='word_1_396' title='bbox 1346 3788 1437 3841; x_wconf 90' lang='lat' dir='ltr'><strong>ubi</strong></span> <span class='ocrx_word' id='word_1_397' title='bbox 1454 3788 1700 3855; x_wconf 88' lang='lat' dir='ltr'><strong>Rhenus,</strong></span> <span class='ocrx_word' id='word_1_398' title='bbox 1721 3808 1834 3843; x_wconf 90' lang='lat' dir='ltr'><strong>nou</strong></span> <span class='ocrx_word' id='word_1_399' title='bbox 1849 3790 2105 3844; x_wconf 88' lang='lat' dir='ltr'><strong>ascendit.</strong></span> <span class='ocrx_word' id='word_1_400' title='bbox 2123 3792 2298 3862; x_wconf 87' lang='lat' dir='ltr'><strong>Atque</strong></span> <span class='ocrx_word' id='word_1_401' title='bbox 2323 3807 2386 3842; x_wconf 84' lang='lat' dir='ltr'><strong>ex</strong></span> <span class='ocrx_word' id='word_1_402' title='bbox 2403 3786 2658 3843; x_wconf 85' lang='lat' dir='ltr'><strong>hactenus</strong></span> 
     </span>
     <span class='ocr_line' id='line_1_40' title="bbox 528 3867 2660 3945; baseline 0.002 -24"><span class='ocrx_word' id='word_1_403' title='bbox 528 3867 809 3939; x_wconf 86' lang='lat' dir='ltr'><strong>disputatis</strong></span> <span class='ocrx_word' id='word_1_404' title='bbox 850 3867 981 3921; x_wconf 87' lang='lat' dir='ltr'><strong>mihi</strong></span> <span class='ocrx_word' id='word_1_405' title='bbox 1024 3870 1242 3942; x_wconf 88' lang='lat' dir='ltr'><strong>quidem</strong></span> <span class='ocrx_word' id='word_1_406' title='bbox 1285 3870 1542 3945; x_wconf 84' lang='lat' dir='ltr'><strong>adparere</strong></span> <span class='ocrx_word' id='word_1_407' title='bbox 1577 3871 1792 3928; x_wconf 82' lang='lat' dir='ltr'><strong>videtur</strong></span> <span class='ocrx_word' id='word_1_408' title='bbox 1817 3915 1833 3941; x_wconf 91' lang='lat'>,</span> <span class='ocrx_word' id='word_1_409' title='bbox 1891 3874 2206 3929; x_wconf 77' lang='lat' dir='ltr'><strong>vetustiores</strong></span> <span class='ocrx_word' id='word_1_410' title='bbox 2250 3872 2500 3928; x_wconf 85' lang='lat' dir='ltr'><strong>historias</strong></span> <span class='ocrx_word' id='word_1_411' title='bbox 2549 3873 2660 3926; x_wconf 81' lang='lat' dir='ltr'><strong>sive</strong></span> 
     </span>
     <span class='ocr_line' id='line_1_41' title="bbox 530 3949 2660 4031; baseline 0.002 -25"><span class='ocrx_word' id='word_1_412' title='bbox 530 3949 735 4006; x_wconf 75' lang='lat' dir='ltr'><strong>fabulas</strong></span> <span class='ocrx_word' id='word_1_413' title='bbox 752 3990 767 4012; x_wconf 87' lang='lat'><strong>.</strong></span> <span class='ocrx_word' id='word_1_414' title='bbox 800 3951 893 4004; x_wconf 86' lang='lat' dir='ltr'><strong>uhi</strong></span> <span class='ocrx_word' id='word_1_415' title='bbox 916 3952 1207 4008; x_wconf 88' lang='lat' dir='ltr'><strong>Eridanum</strong></span> <span class='ocrx_word' id='word_1_416' title='bbox 1232 3958 1578 4011; x_wconf 87' lang='lat' dir='ltr'><strong>nominarunt</strong></span> <span class='ocrx_word' id='word_1_417' title='bbox 1593 3996 1608 4023; x_wconf 91' lang='lat'><strong>,</strong></span> <span class='ocrx_word' id='word_1_418' title='bbox 1626 3976 1736 4013; x_wconf 89' lang='lat' dir='ltr'><strong>non</strong></span> <span class='ocrx_word' id='word_1_419' title='bbox 1762 3958 1920 4012; x_wconf 90' lang='lat' dir='ltr'><strong>alium</strong></span> <span class='ocrx_word' id='word_1_420' title='bbox 1937 3959 2121 4031; x_wconf 75' lang='lat' dir='ltr'><strong>magis,</strong></span> <span class='ocrx_word' id='word_1_421' title='bbox 2141 3978 2300 4031; x_wconf 87' lang='lat' dir='ltr'><strong>quam</strong></span> <span class='ocrx_word' id='word_1_422' title='bbox 2319 3956 2660 4022; x_wconf 85' lang='lat' dir='ltr'><strong>Rhodanum,</strong></span> 
     </span>
    </p>
   </div>
   <div class='ocr_carea' id='block_1_4' title="bbox 528 4032 2658 4194">
    <p class='ocr_par' dir='ltr' id='par_1_4' title="bbox 528 4032 2658 4194">
     <span class='ocr_line' id='line_1_42' title="bbox 529 4032 2658 4115; baseline 0.002 -25"><span class='ocrx_word' id='word_1_423' title='bbox 529 4032 829 4109; x_wconf 77' lang='lat' dir='ltr'><strong>significare</strong></span> <span class='ocrx_word' id='word_1_424' title='bbox 846 4035 1083 4107; x_wconf 82' lang='lat' dir='ltr'><strong>potuisse</strong></span> <span class='ocrx_word' id='word_1_425' title='bbox 1101 4076 1118 4101; x_wconf 93' lang='lat'>‚</span> <span class='ocrx_word' id='word_1_426' title='bbox 1150 4057 1313 4110; x_wconf 85' lang='lat' dir='ltr'><strong>quam</strong></span> <span class='ocrx_word' id='word_1_427' title='bbox 1342 4040 1760 4115; x_wconf 86' lang='lat' dir='ltr'><strong>adpellationem</strong></span> <span class='ocrx_word' id='word_1_428' title='bbox 1781 4044 1936 4099; x_wconf 89' lang='lat' dir='ltr'><strong>etiam</strong></span> <span class='ocrx_word' id='word_1_429' title='bbox 1957 4042 2250 4097; x_wconf 87' lang='lat' dir='ltr'><strong>similitudo</strong></span> <span class='ocrx_word' id='word_1_430' title='bbox 2265 4041 2496 4097; x_wconf 86' lang='lat' dir='ltr'><strong>nominis</strong></span> <span class='ocrx_word' id='word_1_431' title='bbox 2511 4058 2658 4093; x_wconf 85' lang='lat' dir='ltr'><strong>sum·</strong></span> 
     </span>
     <span class='ocr_line' id='line_1_43' title="bbox 528 4120 1000 4194; baseline -0.008 -19"><span class='ocrx_word' id='word_1_432' title='bbox 528 4138 745 4193; x_wconf 82' lang='lat' dir='ltr'><strong>mopere</strong></span> <span class='ocrx_word' id='word_1_433' title='bbox 764 4120 1000 4194; x_wconf 77' lang='lat' dir='ltr'><strong>juvabat.</strong></span> 
     </span>
    </p>
   </div>
  </div>
 </body>
</html>
