2996 4685
1336 363 1418 430 R.
1474 365 1547 430 F.
1602 368 1949 436 AVIENI

778 487 1069 555 Antistat
1109 485 1378 571 urbem,
1417 487 1783 558 Noctilucae
1820 489 1911 558 ab
1950 489 2187 558 incolis

778 602 1046 666 Sacrata
1085 596 1384 690 pridem:
1415 597 1482 665 in
1528 599 1742 668 insula
1780 615 2092 694 stagnum
2130 625 2419 696 quoque

2700 635 2789 675 ⁴3⁴-

783 707 1130 800 Tutusque
1177 720 1460 798 portus:
1504 707 1827 803 oppidum
1868 714 2149 780 Menace
2184 737 2415 806 super.

781 818 937 905 Qua
977 840 1116 884 sese
1149 818 1236 885 ab
1277 819 1474 888 undis
1514 821 1699 914 regio
1742 821 1920 889 dicta
1956 822 2325 908 subtrahit,

780 927 1048 997 Sisurus
1080 927 1215 997 alto
1247 953 1441 999 mons
1483 945 1696 999 tumet
1732 933 2095 1001 cacumine.
2204 969 2217 980 ·

779 1038 1097 1135 Adsurgit
1145 1042 1302 1110 inde
1347 1057 1531 1112 vasta
1570 1057 1832 1127 caute8‚
1878 1055 1942 1111 et
1983 1067 2165 1110 mare

777 1154 996 1218 Intrat
1023 1152 1472 1244 profundum:
1507 1153 1707 1246 pinus
1732 1153 1907 1222 hanc
1929 1153 2266 1248 quondam
2298 1155 2647 1249 frequens
2676 1181 2765 1226 4³⁵

777 1263 880 1329 Ex
917 1286 986 1329 se
1019 1262 1238 1332 vocari
1283 1263 1406 1331 sub
1441 1288 1606 1331 sono
1644 1265 1856 1333 Graio
1898 1264 2117 1332 dedit:

744 1371 1166 1465 ·Fanumque
1200 1371 1286 1440 ad
1322 1397 1530 1467 usque
1557 1375 1839 1443 Veneris
1872 1390 1941 1442 et
1970 1375 2255 1444 Veneris
2280 1377 2535 1470 jugum

775 1481 966 1549 Litus
1003 1482 1362 1551 recumbit:
1409 1507 1611 1577 porro
1650 1487 1719 1552 in
1761 1488 1889 1554 isto
1927 1485 2119 1554 litore

776 1593 1030 1661 Stetere
1065 1593 1312 1662 crebrae
1345 1595 1645 1662 civitates
1678 1609 1870 1662 antea
1888 1651 1907 1682 ,

775 1703 1188 1797 Phoenixque
1228 1703 1476 1773 multus
1513 1705 1747 1774 habuit
1784 1706 1906 1774 hos
1942 1707 2203 1800 pridem
2236 1706 2441 1776 locos.

659 1937 776 1997 429.
806 1933 978 1980 Insula
1002 1930 1223 1980 Antistat
1239 1931 1426 1987 urbem,
1454 1925 1514 1978 h.
1554 1945 1607 1980 e.

583 2025 705 2067 aute
759 2012 947 2066 urbem
998 2024 1126 2075 σταῖς
1169 2025 1228 2064 ut
1281 2012 1338 2064 in
1399 2009 1605 2080 Perieg.

581 2111 632 2146 v.
654 2093 756 2154 840
775 2112 789 2146 ε
811 2093 1196 2162 «lutei-statque
1201 2094 1332 2163 jugo
1346 2087 1606 2142 mediam»

581 2172 780 2241 (Asiam
812 2190 966 2224 mons
988 2171 1237 2234 Tam-us).
1270 2169 1418 2222 Hanc
1461 2169 1604 2220 insu-

574 2253 685 2306 lam
706 2249 927 2301 Vossius
967 2248 1031 2300 ad
1075 2247 1200 2299 Mel.
1218 2265 1274 2317 p.
1309 2253 1604 2318 194,putat

581 2350 610 2381 a
659 2327 920 2381 Strabone
979 2326 1292 2397 significari,
1343 2325 1434 2378 lib.
1485 2325 1601 2388 111,

620 2445 633 2458 .
687 2408 816 2473 156,
853 2406 946 2457 ubi
1001 2404 1068 2457 de
1128 2404 1336 2459 Malaca
1404 2424 1599 2477 agens:

577 2426 840 2557 ἓμποριῖον
873 2481 920 2535 δ’
942 2482 1061 2535 ἐστὶν
1092 2486 1137 2535 ἐν
1155 2486 1250 2543 τοῖς
1273 2487 1318 2535 ἐν
1335 2490 1396 2552 τῇ
1414 2484 1596 2554 περαίᾳ

579 2566 856 2635 uadis-gum,
883 2564 1127 2634 ταριχείας
1155 2561 1202 2615 δ’
1229 2564 1329 2631 ἔχει
1357 2565 1594 2637 μεγάλας,

579 2645 723 2699 Male
757 2621 918 2714 vfllgo
957 2643 1170 2714 σαίμασι.
1208 2636 1468 2715 Eun-optim
1507 2642 1596 2697 hic

577 2736 654 2779 est
711 2743 820 2777 uon
864 2724 973 2796 ipsa
1017 2722 1252 2787 Malaca,
1298 2724 1392 2777 sed
1447 2724 1596 2777 locus

577 2816 838 2859 mercatus
855 2844 868 2870 ,
895 2816 954 2855 ut
987 2822 1142 2876 sape.
1161 2804 1248 2857 Ait
1271 2804 1449 2877 itaque
1477 2823 1591 2856 em-

572 2886 784 2956 porium
816 2881 1250 2936 Malacitanornm
1287 2903 1392 2937 non
1433 2883 1594 2937 fuisse
1620 2932 1629 2938 .

580 2963 634 3015 in
652 2963 766 3034 ipsa
783 2962 936 3024 urbe,
956 2961 1047 3015 sed
1066 2962 1122 3015 in
1143 2963 1384 3035 opposita
1402 2961 1595 3024 insula,

571 3042 628 3093 in
661 3058 772 3113 qua
811 3054 1025 3111 portum
1047 3055 1099 3094 et
1121 3044 1333 3096 navium
1355 3054 1593 3113 recepta·

574 3118 698 3173 cula
749 3119 847 3171 sibi
899 3118 1209 3175 effoderant.
1261 3122 1455 3175 Insula
1497 3120 1595 3172 hu-

565 3200 652 3271 jus
687 3198 924 3251 meminit
961 3198 1143 3251 Festus
1181 3202 1441 3253 Avienus:
1471 3204 1594 3250 Tar·-

565 3280 820 3330 tessiorum
833 3280 964 3347 juris
984 3276 1077 3331 rel.
1105 3278 1278 3332 Hodie
1305 3278 1479 3333 insula
1504 3277 1594 3331 illa

569 3354 815 3411 fluctibus
837 3358 1024 3410 obruta
1045 3370 1122 3411 est
1137 3399 1152 3425 ,
1177 3358 1393 3431 vestigia
1414 3368 1593 3417 tamen

573 3450 855 3509 supersunt
919 3438 1140 3491 molium
1211 3440 1268 3491 in
1317 3436 1593 3511 profundo

565 3516 832 3587 jactat-um
848 3555 864 3579 ,
885 3536 1018 3589 quas
1047 3530 1222 3571 nauto
1262 3536 1462 3571 summo
1483 3530 1594 3569 stu-

568 3594 658 3646 dio
681 3596 893 3649 evitant.
913 3594 1038 3651 Haec
1055 3599 1196 3650 Voss
1206 3599 1562 3649 .—Noceilucae
1574 3636 1588 3656 ‚

565 3672 601 3724 i.
643 3692 690 3725 e.
735 3674 918 3728 Lunae.
964 3681 1264 3729 Crescentem
1305 3678 1434 3745 sace
1491 3680 1590 3726 No·

567 3755 792 3803 ceilucam
812 3752 941 3806 dicit
967 3754 1145 3808 Horat.
1171 3756 1348 3809 Carm.
1377 3754 1481 3819 IV,
1508 3758 1543 3807 fi
1568 3796 1584 3819 ‚

571 3828 654 3881 38.
682 3832 764 3883 An
795 3832 956 3902 ipsam
987 3833 1131 3886 illam
1163 3834 1329 3887 Luna
1362 3834 1586 3887 insulam

563 3905 763 3961 indicat
777 3946 792 3972 ,
810 3912 966 3981 cujus
987 3930 1145 3983 supra
1164 3932 1213 3965 v.
1237 3913 1338 3985 367
1358 3914 1581 3967 mentio·

567 4003 692 4039 nem
719 3987 884 4040 fecit?

637 4066 758 4131 1531.
802 4071 1052 4136 Temsqeee.
1099 4076 1340 4138 ratusque
1397 4072 1577 4127 Heius.

2666 1734 2747 1774 ἨΟ

1694 1939 1879 1998 portus
1904 1925 2115 1980 brachia
2132 1954 2170 1977 a.
2190 1929 2360 1998 Supra
2377 1947 2453 1978 vs.
2474 1931 2545 1990 64
2568 1945 2589 1978 t
2618 1953 2643 1972 ι
2664 1927 2741 1980 sa·-

1694 2018 1968 2079 nuentque
2010 2005 2113 2060 late
2142 2020 2201 2060 ut
2229 2019 2341 2060 tuta
2368 2020 2559 2078 portus
2606 2008 2736 2058 bra-

1695 2086 1816 2138 chia
1836 2111 1877 2141 1».
1922 2087 2097 2140 Banu.
2146 2087 2427 2138 Pithoeanae
2488 2087 2735 2157 antique

1676 2185 1813 2238 *cum
1834 2167 1974 2219 Ven.
2016 2185 2291 2239 perperam
2334 2165 2517 2238 legunt
2554 2177 2613 2217 et
2654 2163 2732 2217 di-

1696 2246 1972 2318 stinguunt
1996 2251 2235 2314 focusque
2256 2261 2425 2313 por-au
2458 2247 2723 2314 oppidum,

1695 2329 1896 2378 Minae-e
1926 2347 2085 2396 super.
2128 2357 2196 2367 —-
2231 2330 2375 2377 Tutus
2409 2335 2461 2379 et
2492 2337 2631 2375 totus
2654 2323 2725 2378 sic

1695 2424 1833 2477 saepe
1862 2404 2121 2459 confundi
2154 2404 2348 2457 docent
2380 2416 2523 2457 note
2556 2404 2724 2457 Brou-

1692 2486 1861 2537 ckusii
1892 2484 1961 2538 ad
1989 2485 2228 2557 Propert.
2255 2485 2339 2537 111
2358 2524 2373 2550 ,
2410 2502 2475 2552 9,
2522 2503 2590 2554 7²
2614 2523 2631 2548 ,
2674 2496 2723 2537 et

1685 2564 1954 2617 Drakenh.
1973 2562 2039 2617 ad
2068 2564 2158 2617 sil.
2185 2564 2260 2630 X,
2290 2564 2413 2616 312.
2445 2563 2517 2614 Et
2536 2563 2718 2616 Valet.

1686 2642 1952 2698 Flacc.vl
1968 2686 1983 2711 ,
2022 2644 2121 2713 159
2144 2659 2294 2695 mmm
2322 2643 2555 2696 restituit
2582 2642 2721 2695 Gro-

1686 2724 1875 2775 novius
1896 2741 1909 2776 :
1948 2749 1971 2769 ι
1987 2734 2102 2776 tuto
2122 2722 2338 2776 veniens
2361 2722 2597 2776 Latonia
2620 2740 2721 2775 ete·

1680 2804 1735 2855 lo
1752 2828 1799 2866 υ,
1822 2821 1922 2875 pro
1948 2817 2063 2853 toto.
2089 2799 2239 2855 Idem
2264 2800 2368 2855 alio
2393 2802 2519 2854 loco
2549 2816 2703 2852 taum

1684 2901 1871 2949 oequor,
1893 2897 2041 2935 mmm
2061 2904 2197 2936 mar-e
2213 2882 2353 2935 binis
2380 2881 2437 2933 in
2470 2881 2612 2933 locis
2646 2882 2719 2934 ei-

1685 2957 1807 3013 dem
1848 2962 2066 3016 Valerio
2112 2960 2361 3016 reddidit.
2408 2958 2593 3013 Heius.
2644 2960 2717 3014 ad

1685 3038 1844 3093 Ovid.
1866 3040 1965 3114 Ep.
1984 3042 2090 3109 lx,
2112 3062 2187 3095 vs.
2218 3042 2277 3095 15
2303 3062 2317 3096 :
2347 3067 2370 3087 ι
2394 3039 2487 3092 tibi
2511 3059 2573 3095 se
2594 3052 2716 3093 tuta

1683 3138 1897 3191 aequora
1916 3120 2177 3188 debean,
2212 3140 2323 3177 non
2348 3137 2468 3173 tota.
2492 3122 2603 3175 En.

1754 3198 1874 3262 433.
1893 3204 2085 3253 Sisums
2104 3202 2239 3255 Pith.
2259 3213 2311 3255 et
2327 3200 2499 3254 Ηιιᾶε.
2522 3204 2715 3252 Silurus

1684 3278 1823 3334 Ven.
1844 3291 1896 3332 et
1914 3278 1981 3332 V.
2000 3280 2227 3335 Videtur
2243 3298 2397 3333 mons
2413 3280 2501 3331 ille
2518 3278 2713 3332 inteni-

1682 3356 1883 3427 gendus
1900 3395 1917 3422 ,
1940 3377 2100 3431 quem
2128 3378 2285 3433 supra
2305 3380 2359 3414 v·
2380 3359 2483 3412 308
2510 3364 2711 3411 Tunes·

1680 3438 1858 3487 sionem
1878 3452 2087 3490 montem
2108 3438 2332 3493 vocavit.

1753 3520 1871 3581 436.
1908 3522 2091 3571 Vocari
2114 3524 2201 3572 sub
2224 3540 2346 3571 sono
2374 3521 2526 3569 Graio
2552 3522 2706 3571 dedit.

1678 3596 1914 3655 Fortasse
1934 3604 2132 3658 Πιτυοῦς
2148 3638 2163 3664 ,
2203 3598 2287 3653 vel
2312 3598 2497 3650 Πιτυὺν
2524 3596 2706 3651 dictus

1679 3690 1756 3729 est
1782 3697 1935 3731 mons
1962 3678 2066 3732 ille.

1748 3756 1868 3826 437.
1892 3765 1968 3809 Ac
1998 3762 2173 3828 Vere-j.
2201 3758 2283 3812 Cf.
2302 3778 2353 3811 v.
2379 3758 2500 3822 318,
2517 3754 2614 3809 ubi
2630 3756 2703 3809 de

1678 3834 1859 3889 eadem
1879 3838 2095 3909 regione
2116 3856 2288 3891 sermo
2308 3856 2419 3891 esse
2448 3836 2677 3891 videtur.

1748 3916 1867 3979 440.
1886 3920 2189 3985 Phoem‘aeque
2207 3920 2381 3969 multos
2398 3917 2572 3969 habuit
2588 3914 2701 3969 edi·

1678 3994 1757 4048 dit
1788 3994 1961 4049 Huds.
1997 3995 2095 4050 sed
2127 3996 2320 4050 rectius
2346 3996 2483 4049 Ven.
2513 4006 2569 4049 et
2612 3994 2699 4047 Pi·

1678 4075 1899 4128 thoeanoe
1948 4078 2253 4145 Phoenixque
2290 4079 2463 4128 multus
2477 4114 2495 4137 ,
2543 4074 2697 4147 quod

563 4146 638 4200 sic
658 4166 707 4203 v.
733 4146 828 4201 5²1
859 4146 1064 4201 :mam
1100 4148 1288 4220 pandit
1325 4150 1432 4203 illic
1472 4164 1586 4205 tuta
1674 4158 1988 4208 servandum
2016 4167 2107 4209 est.
