2996 4685
496 350 631 421 352

1259 348 1340 413 R.
1397 349 1466 413 F.
1526 346 1640 413 AV
1659 346 1873 414 IENI

595 472 891 541 Pandere
935 467 1194 537 vivendi
1239 468 1673 551 commercia,
1714 492 2013 561 quaerere
2050 468 2341 562 pulchrae

590 583 902 678 Sapphiri
943 580 1226 649 latebras
1271 596 1337 649 et
1375 580 1723 675 praeduros
1760 578 2167 650 adamantes,
2532 610 2633 646 ὡς

689 692 1030 787 Calliope,
1063 690 1388 759 Indorum
1423 688 1711 785 populos
1746 704 1814 759 et
1846 714 2043 784 regna
2080 715 2415 759 canamus.

592 801 846 874 Ultima
881 818 1208 871 terrarum
1245 799 1442 869 tellus
1467 800 1894 894 adspergitur
1924 800 2077 868 Indi

590 912 934 983 Fluctibus
969 913 1263 995 Oeeani;
1309 913 1595 1006 primam
1632 912 1865 1005 coquit
1900 911 2074 981 hanc
2114 911 2319 982 radiis
2350 912 2480 997 sol,

596 1024 710 1093 Sol
744 1023 1230 1117 Hyperionius,
1275 1020 1374 1091 sol
1411 1022 1639 1115 magni
1678 1020 1893 1116 gratia
1926 1019 2197 1108 mundi,

591 1138 944 1203 Astrorum
983 1133 1271 1228 genitor,
1309 1132 1478 1201 lucis
1511 1147 1692 1201 sator
1726 1146 1790 1201 et
1824 1134 2016 1226 vigor
2040 1132 2284 1202 aethrae.
2534 1155 2633 1193 1³10

591 1244 723 1312 sed
769 1244 949 1337 genti
996 1241 1319 1311 Indorum
1361 1258 1545 1311 taeter
1584 1240 1806 1312 color:
1848 1242 2050 1311 efflua
2086 1266 2347 1335 semper

499 1478 590 1535 sed
619 1473 805 1530 Claud.
833 1473 996 1525 habet
1021 1474 1229 1524 corth'a
1253 1470 1322 1524 de
1360 1470 1525 1543 Nupt.

497 1560 635 1611 Hon.
663 1578 713 1610 v.
748 1556 887 1623 169).
934 1556 1131 1604 corolla
1181 1552 1338 1609 etiam
1372 1551 1527 1603 Avie-

495 1659 627 1693 num
658 1648 894 1689 nostrum
933 1632 1160 1685 dixisse:
1181 1634 1329 1699 salvo
1357 1646 1522 1682 tamen

499 1722 726 1771 invenere
763 1716 969 1765 corallo.
1006 1709 1162 1762 Addo
1205 1710 1333 1763 huic
1377 1708 1527 1764 Sido-

501 1800 654 1853 nium
689 1794 862 1868 Apoll.
892 1792 1070 1846 Carm.
1119 1790 1236 1855 XI,
1274 1811 1352 1843 vs.
1391 1808 1522 1843 110:

507 1880 741 1930 «Lactea
792 1872 1020 1945 puniceo
1067 1870 1346 1922 sinuantur
1392 1870 1525 1921 colla

500 1957 754 2012 corallo..
793 1950 1238 2022 Priscianus,qui
1273 1969 1348 2003 vs.
1394 1952 1527 2003 1008

501 2038 686 2090 Caralii'
724 2035 936 2099 lapidem
978 2030 1189 2094 scribit,
1215 2030 1527 2102 Dionysium

498 2114 766 2187 expressit.
785 2112 984 2163 Praeter
993 2109 1306 2163 salmasium
1325 2107 1393 2161 de
1407 2107 1532 2161 scri·

497 2209 654 2268 ptura
663 2194 825 2263 hujus
839 2189 979 2241 vocis
989 2188 1155 2241 videri
1167 2201 1337 2261 potest
1353 2188 1531 2241 Heius.

499 2275 568 2330 ad
593 2272 751 2327 ovid.
773 2271 905 2322 Met.
947 2270 1044 2334 IV,
1078 2274 1200 2339 749.
1221 2268 1324 2322 W.
1341 2301 1410 2308 —
1427 2268 1531 2321 Pro

483 2359 632 2426 fulvo
671 2355 859 2403 corallo
899 2347 1071 2401 Huds.
1117 2349 1332 2421 conjicit
1373 2352 1525 2418 silvo.

497 2433 598 2490 Sed
628 2433 732 2485 hoc
757 2449 946 2502 pamm
976 2429 1155 2480 refert.

578 2514 732 2576 1304.
753 2513 976 2562 Pandere
995 2510 1202 2559 vivendi
1217 2512 1529 2570 commercia,

503 2593 558 2646 h.
569 2594 755 2645 exiam
773 2601 824 2642 et
838 2587 1091 2640 rationem
1101 2587 1304 2658 aperire
1314 2589 1533 2660 parandi

501 2673 701 2726 victum
740 2667 1102 2743 permutandis
1128 2667 1410 2721 mercibus.
1435 2670 1531 2724 Su-

499 2772 594 2824 pra
618 2772 664 2805 v.
691 2753 820 2824 1067
842 2768 855 2802 :
875 2747 1144 2801 «docuere
1157 2747 1348 2802 carinis
1371 2749 1533 2802 Ferre

499 2831 640 2885 cavis
666 2831 780 2884 orbi
806 2825 1120 2898 commercia
1140 2853 1184 2880 ι.
1207 2825 1312 2880 W.

576 2911 729 2978 1309.
758 2913 842 2960 Sol
867 2909 1204 2976 Hyperionius.
1229 2905 1344 2959 Hoc
1369 2927 1531 2980 gene·

500 2991 610 3044 rale
653 2989 779 3041 alias
825 2987 1093 3058 epitheton
1131 2985 1300 3050 Solis,
1325 2987 1531 3040 Avieno

503 3069 730 3122 maxime
768 3063 979 3138 videtur
1026 3065 1260 3118 Orientis
1297 3084 1440 3131 esse,
1465 3085 1527 3118 ex

502 3151 612 3222 ipsa
647 3147 795 3201 vocis
830 3145 1132 3207 notatione,
1177 3144 1391 3216 quando
1433 3161 1531 3198 eer-

502 3251 587 3282 ras
608 3249 752 3297 super·
775 3247 952 3278 aureus
976 3227 1013 3275 it
1034 3229 1112 3276 so!
1126 3263 1139 3284 ‚
1163 3236 1221 3276 ut
1247 3225 1317 3278 ait
1344 3225 1531 3278 Neme-

503 3309 634 3362 siani
662 3306 776 3360 Hal.
801 3307 868 3360 56
903 3303 1052 3378 (huj.
1072 3324 1159 3376 op.
1177 3316 1216 3357 t.
1238 3307 1260 3356 Ι
1286 3342 1301 3367 ,
1319 3323 1377 3377 p.
1410 3307 1529 3359 233.

501 3387 634 3456 En.)
650 3387 761 3440 Huc
781 3403 936 3438 sensu
952 3383 1224 3455 usurpavit
1241 3385 1430 3438 Noster
1447 3402 1533 3436 su·

500 3485 596 3538 pra
615 3485 691 3518 vs.
723 3484 742 3518 1
758 3466 856 3518 150
879 3501 894 3528 ,
915 3476 966 3515 et
991 3463 1263 3518 Phaenom.
1289 3483 1364 3516 vs.
1394 3465 1525 3532 396:

502 3545 646 3597 ..Hic
680 3543 970 3616 Hyperioni
1011 3541 1197 3615 flagrat
1233 3542 1314 3596 via
1354 3542 1528 3604 Solis,

505 3627 558 3678 in
585 3637 708 3677 ortu
725 3664 742 3689 ‚
777 3663 791 3676 .
814 3662 826 3675 .
848 3664 861 3677 .
895 3623 1018 3676 Pars
1046 3622 1382 3696 Hyperioniae
1404 3623 1532 3675 ruti-

505 3707 578 3758 lat
606 3705 734 3756 facis
759 3729 800 3754 n.
827 3703 975 3755 lianc
1000 3703 1154 3754 etiam
1180 3722 1362 3756 vocem
1389 3703 1531 3754 Bur·

506 3802 732 3836 mannus
749 3782 976 3834 restituit
992 3783 1192 3836 auctori
1213 3782 1459 3836 carminis
1477 3783 1531 3834 in

507 3862 650 3914 laud.
694 3858 1031 3926 Solis,Anth.
1073 3877 1194 3914 tom.
1237 3863 1322 3927 11,
1347 3881 1398 3915 v.
1432 3861 1529 3925 45,

509 3960 562 4013 p.
591 3939 691 4008 ²98
708 3977 722 4000 ‚
750 3937 838 3991 ubi
861 3939 1021 4010 vulgo
1048 3940 1238 4010 legitur
1261 3946 1410 3994 Solet
1428 3947 1529 4006 Hy-

495 4025 749 4090 perboreo.
779 4051 844 4060 —
873 4019 940 4071 Et
977 4019 1102 4072 addi
1141 4033 1310 4090 potest
1347 4039 1531 4074 versus

511 4119 532 4154 ι
551 4101 644 4154 153
697 4117 856 4170 supra
899 4116 911 4150 :
971 4126 992 4142 ··
1025 4100 1146 4152 Lux
1201 4099 1529 4171 Hyperionio

1610 1488 1715 1541 qua
1755 1488 1810 1522 se
1844 1468 2071 1523 sustollit
2097 1474 2166 1521 ab
2194 1480 2315 1522 ortu
2336 1496 2380 1521 n.
2406 1470 2495 1522 sol
2518 1476 2633 1541 qui?

1610 1548 1730 1602 dem
1772 1550 2075 1623 Hyperione
2110 1562 2262 1602 natus
2296 1550 2471 1623 poetis
2507 1550 2635 1603 dici-

1612 1640 1712 1683 tur.
1734 1630 2169 1682 Fla—Caeterum
2200 1630 2461 1682 cumulata
2482 1631 2535 1682 in
2557 1650 2635 1683 se-

1612 1709 1891 1781 quentibus
1932 1709 2099 1780 elogia
2138 1721 2189 1761 et
2230 1708 2511 1781 praedicata
2554 1730 2635 1762 so-

1614 1788 1680 1840 lis
1721 1786 2004 1841 admodum
2048 1805 2399 1859 supervacua,
2440 1798 2491 1840 et
2536 1790 2632 1840 im-

1613 1880 1840 1941 portuna
1854 1867 2371 1939 sunt,videnturque,
2392 1887 2557 1940 quum
2578 1870 2631 1921 in

1616 1947 1876 2021 Dionysio
1904 1968 2012 2000 non
2039 1948 2294 2019 legantur,
2332 1966 2395 2001 ex
2420 1962 2635 2003 auctore

1622 2030 1726 2083 alio
1754 2029 1998 2083 laudibus
2021 2040 2069 2081 et
2088 2030 2253 2081 cultui
2271 2028 2406 2083 Solis
2422 2027 2601 2081 dedito
2619 2067 2634 2094 ,

1616 2108 1723 2163 huc
1746 2110 1889 2161 illata
1911 2149 1926 2173 ‚
1956 2108 2041 2161 cui
2069 2119 2120 2161 et
2144 2126 2328 2161 versus
2368 2110 2498 2176 1089
2524 2126 2637 2178 seq.

1618 2188 1685 2241 de
1732 2188 1992 2243 Emeseno
2040 2187 2185 2241 cultu
2241 2188 2377 2241 Solis
2422 2187 2635 2253 deberi,

1616 2271 1861 2342 suspicati
1912 2286 2089 2322 sumus
2154 2267 2218 2321 nd
2268 2286 2393 2321 eum
2442 2268 2633 2321 locum.

1617 2349 1925 2422 Comparari
1972 2369 2093 2403 cum
2138 2349 2222 2402 bis
2278 2349 2460 2420 elogiis
2504 2349 2639 2402 Solis

1617 2441 1870 2501 possunt,
1890 2449 2009 2501 quae
2051 2429 2107 2480 in
2148 2428 2363 2482 laudato
2405 2429 2638 2481 carmine

1618 2509 1832 2562 Anthol.
1850 2509 2032 2562 Burni.
2054 2507 2200 2581 quod
2225 2509 2453 2578 primum
2482 2509 2569 2560 lib.
2590 2509 2639 2558 V

1618 2603 1723 2653 est,
1770 2589 2034 2660 leguntur.
2078 2587 2181 2640 W.
2208 2620 2279 2628 --
2305 2593 2639 2656 Egrperyonios

1618 2669 1779 2741 Cusp.
1807 2669 1981 2722 caeteri
2008 2671 2345 2738 Hyperionius.

1696 2749 1786 2802 131
1802 2771 1844 2800 1.
1869 2755 2029 2800 Toeter
2048 2753 2199 2810 color,
2230 2747 2265 2800 ἱ.
2286 2768 2337 2802 e.
2359 2749 2529 2820 niger,
2553 2751 2635 2802 vel

1618 2829 1814 2882 fuscus.
1835 2827 1966 2881 Vid.
1990 2827 2132 2882 dicta
2159 2847 2189 2881 a
2217 2827 2371 2882 nobis
2392 2827 2462 2880 ad
2480 2829 2639 2884 Prisc.

1619 2928 1669 2960 v.
1704 2909 1861 2962 1013.
1898 2911 2048 2977 Nigri
2072 2911 2190 2960 Indi
2209 2906 2375 2961 Ovid.
2398 2909 2457 2959 Α.
2485 2911 2548 2960 Α.
2579 2909 2639 2976 1,

1622 2987 1707 3041 53.
1728 2987 1976 3042 Tibullus
1996 2989 2083 3051 ,ΙΙ
2102 3027 2117 3051 ,
2151 2987 2210 3050 3,
2251 2987 2349 3040 55:
2384 3014 2406 3035 ι
2428 2987 2510 3040 Illi
2536 2989 2641 3040 sint

1617 3066 1837 3121 comites
1882 3067 2017 3121 fusci
2039 3106 2054 3128 ,
2076 3085 2210 3138 quos
2254 3065 2405 3120 India
2442 3078 2634 3130 tornet,

1616 3145 1757 3200 Solis
1772 3158 1823 3199 et
1842 3145 2064 3199 admotis
2084 3145 2253 3199 inficit
2267 3144 2405 3216 ignis
2428 3147 2577 3218 equis
2592 3173 2637 3198 ι.

1617 3227 1852 3298 Propert.
1872 3227 1974 3288 IV,
2006 3227 2035 3278 3
2058 3267 2072 3292 ,
2105 3243 2168 3278 ιο
2190 3243 2205 3277 :
2232 3225 2432 3279 «Ustus
2448 3237 2500 3277 et
2527 3225 2641 3277 Eoo

1618 3293 1837 3358 decolor'
1858 3305 2024 3358 Indus
2044 3323 2184 3378 equo
2210 3331 2251 3354 ι.
2284 3307 2455 3374 Esfl⁸⁴⁰
2475 3325 2641 3364 coma,

1616 3403 1736 3458 qum
1764 3404 1793 3438 e
1824 3385 2018 3438 vertice
2043 3385 2099 3436 in
2129 3397 2336 3456 tergum
2364 3383 2642 3438 humeros·

1617 3483 1722 3536 que
1747 3463 1864 3516 fluit
1882 3501 1899 3530 ,
1939 3465 2101 3538 longa
2144 3477 2194 3517 et
2232 3463 2508 3538 promissa.
2553 3466 2641 3518 sic

1617 3543 1758 3596 enim
1804 3543 2015 3598 Solinus
2032 3583 2048 3609 ‚
2107 3562 2225 3616 cap.
2280 3543 2344 3596 52
2370 3562 2383 3596 τ
2444 3570 2466 3591 ι
2496 3543 2643 3600 Indis

1620 3623 1870 3676 omnibus
1912 3621 2071 3695 longa
2103 3634 2157 3677 et
2194 3623 2450 3696 promissa
2488 3643 2643 3678 caesa-

1618 3701 1724 3754 ries
1738 3728 1779 3753 n.
1810 3703 1887 3754 Ex
1923 3703 2015 3755 illa
2051 3701 2285 3756 dictione
2320 3703 2505 3754 Avieni
2531 3703 2643 3756 illu·

1621 3783 1771 3836 strari
1836 3796 1886 3835 et
1947 3783 2164 3836 defendi
2224 3795 2392 3856 potest
2454 3785 2645 3856 Elegio

1622 3861 1780 3916 Corn.
1802 3863 1939 3916 Galli
1962 3881 2012 3914 v,
2038 3871 2129 3928 14,
2155 3881 2185 3914 a
2206 3863 2471 3935 Scaligero
2489 3865 2647 3918 valde

1617 3943 1992 4014 reprehensus:
2024 3968 2046 3989 ι
2068 3943 2230 4010 Quod
2272 3943 2399 3996 fluat
2438 3965 2499 3997 ex
2532 3957 2645 3998 toto

1620 4021 1813 4074 vertice
1840 4021 1971 4074 flava
1998 4041 2147 4076 coma
2170 4023 2376 4092 ».(Vi‹l.
2410 4026 2518 4096 huj.
2556 4045 2641 4096 op.

1620 4113 1747 4154 tom.
1770 4102 1850 4164 11,
1871 4121 1994 4173 pag.
2013 4104 2129 4166 ²43.
2146 4103 2276 4172 En.)
2300 4105 2394 4158 W.
