2996 4685
560 356 701 429 620

1310 361 1392 427 R.
1426 362 1521 426 F.
1574 358 1926 427 AVIENI

654 480 859 573 Sique
886 501 1035 548 sues
1061 477 1290 564 lenm,
1326 480 1381 547 si
1414 477 1580 547 lanae
1617 475 1844 547 sedula
1881 478 2141 563 nutrix,

653 590 724 669 si
766 613 966 683 capra
1010 588 1303 659 dumosis
1339 612 1570 659 errans
1609 590 1678 657 in
1725 586 2040 675 saltibus,
2077 584 2254 655 ultro

653 702 735 768 In
758 724 1061 769 venerem
1096 714 1331 795 pergat
1358 699 1642 796 (quippe
1670 696 1818 767 ollis
1847 696 2085 767 uvidus
2112 720 2230 765 aer
2408 768 2414 775 ,
2585 720 2650 770 470

652 809 913 878 Excitat
942 809 1276 878 internum
1310 835 1429 904 per
1454 811 1713 879 viscera
1739 823 1923 877 mota
1955 804 2278 900 furorem)
2295 859 2314 891 ‚

648 920 735 987 Et
764 932 1183 1014 tempestates
1214 934 1283 988 et
1308 916 1540 988 nubila
1570 919 1876 1013 protinus
1901 932 2048 987 atra

648 1026 900 1097 Adfore
941 1028 1314 1123 praecipies„
1347 1029 1532 1117 Quin
1569 1044 1638 1098 et
1669 1027 1986 1122 gaudebit
2015 1041 2262 1112 arator,

649 1137 919 1232 Quique
936 1138 1171 1212 ,solum
1194 1139 1393 1233 justis
1422 1140 1708 1209 versabit
1738 1138 2076 1207 mensibus
2102 1138 2296 1222 anni,

648 1245 847 1317 Plebe
878 1272 1122 1342 gruum
1152 1251 1409 1344 prima3
1435 1248 1754 1344 gaudebit
1787 1247 2019 1317 tardus
2049 1263 2274 1317 arator
2585 1263 2646 1317 ⁴7⁵

651 1358 1343 1454 Agmine-pigrarum:
1374 1361 1469 1428 sic
1501 1357 1792 1453 quadam
1833 1356 1973 1451 lege
2015 1359 2320 1425 Deorum

646 1468 767 1537 His
802 1492 1024 1539 comes
1052 1484 1151 1538 est
1181 1469 1411 1540 imber.
1442 1468 1738 1542 Pecudes
1767 1468 1822 1537 si
1855 1466 2143 1561 denique
2187 1482 2434 1535 terram

647 1579 993 1673 Lanigerae
1028 1579 1315 1667 fodiant,
1344 1593 1551 1675 caput
1581 1594 1650 1650 at
1680 1578 1994 1649 tendatur
2025 1579 2095 1646 in
2133 1581 2424 1662 Arcton,

649 1687 881 1775 Quum
932 1688 1238 1759 madidus
1276 1689 1575 1760 nondum
1617 1714 1734 1784 per
1767 1712 2102 1758 marmora
2135 1686 2403 1755 turbida
2447 1681 2646 1755 condit

646 1796 945 1867 Pleiadas
988 1824 1296 1887 occasus,
1320 1824 1531 1894 quum
1572 1800 1832 1869 brumae
1862 1797 1934 1867 in
1973 1798 2226 1893 frigora
2259 1795 2438 1865 cedit
2585 1817 2646 1862 ⁴⁸0

646 1909 952 2004 Frugifer
985 1920 1347 1980 autumnus
1365 1964 1386 1999 ‚
1418 1924 1568 1979 ruet
1607 1908 1811 1979 aethra
1847 1908 2146 1977 concitus
2181 1904 2417 1975 imber.

648 2018 740 2087 At
778 2042 865 2087 ne
898 2021 1236 2116 perruptis
1277 2035 1606 2090 terrarum
1650 2017 1848 2089 dorsa
1890 2016 2146 2089 lacunis

647 2127 991 2198 Infodiant
1030 2129 1356 2225 pecudes;
1384 2130 1439 2199 si
1466 2144 1654 2199 vasto
1679 2130 1934 2199 viscera
1971 2128 2160 2197 hiatu

650 2239 1031 2309 Discutiant
1063 2244 1292 2326 teme,
1320 2242 1545 2309 veniet
1570 2242 1668 2309 vis
1701 2237 1946 2309 aethere
1979 2252 2123 2307 toto

647 2349 813 2418 Dira
854 2350 1338 2442 procellarum3
1372 2353 1489 2420 nix
1533 2377 1762 2421 omnes
1795 2352 2028 2421 vestiet
2070 2375 2297 2446 agros;
2589 2369 2652 2414 με

647 2459 782 2528 Nix
814 2458 1055 2529 herbas
1098 2460 1289 2535 laedet
1330 2477 1620 2547 teneras,
1648 2462 1765 2530 nix
1801 2475 1954 2531 uret
1982 2462 2238 2530 aristas.

644 2572 736 2638 At
774 2569 827 2638 si
858 2571 1223 2665 contigerit
1256 2571 1481 2666 plures
1527 2571 1760 2642 ardere
1794 2585 2123 2658 cometaS,

636 2676 973 2750 invalidas
1008 2696 1259 2778 segetes
1290 2682 1576 2756 torrebit
1609 2682 1846 2750 siccior
1873 2704 2010 2750 aer.

648 2791 953 2884 Namque
982 2807 1435 2887 prorumpunt.
1464 2806 1718 2862 naturae
1755 2790 2012 2886 legibus
2045 2788 2229 2858 ultro

650 2900 1071 2993 Spiramenta
1106 2902 1263 2990 soli,
1297 2904 1353 2973 si
1390 2904 1610 2996 justus
1635 2901 1851 2971 defuit
1875 2902 2146 2984 humor,
2589 2924 2652 2972 αφ

648 3008 854 3078 Arida
892 3036 1014 3105 per
1048 3012 1281 3082 caelum
1316 3015 1658 3108 surgentia
1693 3013 1980 3106 desuper
2019 3010 2246 3080 aethrae

644 3120 1006 3213 Ignescunt
1034 3123 1355 3212 flammis,
1390 3123 1761 3218 mundique
1799 3120 2086 3216 impulsa
2119 3118 2342 3191 calore

547 3345 649 3398 tius
666 3344 741 3399 sic
761 3344 1157 3418 interpretatur:
1174 3353 1359 3418 Sponte
1369 3360 1423 3402 et
1438 3353 1568 3400 ulem

548 3435 601 3475 et
639 3425 805 3480 multa
847 3427 949 3480 alia
993 3428 1197 3482 Avieno
1239 3429 1564 3488 πλιονάζουσι.

551 3499 767 3562 operata
787 3501 929 3549 docet
946 3509 1023 3552 eet
1044 3517 1209 3570 graeca
1231 3499 1455 3572 phrasis.
1481 3500 1566 3553 Ita

549 3573 833 3644 Virgilius:
866 3603 893 3622 α
913 3578 1072 3631 sensit
1092 3577 1295 3631 medios
1318 3578 1565 3650 delapsus

549 3650 605 3702 in
646 3651 821 3706 hostes
844 3679 887 3706 n.
944 3685 1003 3695 —
1040 3655 1143 3710 Sed
1188 3669 1368 3711 nostra
1404 3657 1566 3711 lectio

546 3729 740 3784 clarior
757 3731 991 3787 videtur:
1012 3735 1208 3806 Sponte
1230 3735 1385 3790 docet
1405 3739 1567 3790 nutri·

546 3822 721 3863 menta
737 3811 847 3864 caeli
860 3815 1164 3878 uventis,sc.
1181 3816 1383 3885 pluvias
1398 3816 1568 3870 immi-

546 3901 752 3956 nentes,
766 3904 951 3964 parata
966 3892 1063 3945 sibi
1084 3913 1198 3947 esse
1210 3895 1448 3950 latenter.
1458 3897 1564 3951 En.

616 3977 733 4042 470.
758 3974 945 4041 Quippe
968 3977 1076 4026 ollis
1102 3977 1268 4026 uvidus
1297 3995 1385 4026 aer
1406 3981 1562 4028 Bavi-

546 4064 623 4100 eat
648 4054 889 4104 inter-mem
921 4073 1013 4120 per
1042 4057 1237 4105 viscera
1266 4069 1399 4106 mota
1416 4058 1565 4123 sum·

546 4146 663 4178 rem.
695 4128 817 4182 Hoec
846 4130 1173 4201 parenthesis
1196 4149 1303 4182 non
1328 4134 1397 4184 ab
1416 4133 1564 4186 Avie-

1655 3365 1728 3399 no
1769 3345 2004 3417 profectn
2019 3379 2037 3410 ,
2069 3342 2168 3398 sed
2205 3361 2236 3395 a
2271 3339 2460 3395 Grotio
2494 3335 2650 3392 addita

1655 3437 1762 3491 est;
1791 3443 1958 3497 quare
1971 3424 2128 3478 etium
2147 3440 2406 3476 numerus
2427 3433 2651 3474 versuum

1653 3516 1824 3557 textus
1864 3504 2054 3558 Avieni
2101 3503 2156 3556 in
2201 3501 2316 3556 aliis
2357 3497 2653 3554 editionibus

1651 3602 1762 3638 non
1795 3602 1916 3638 cum
1943 3583 2203 3636 Grotiano
2227 3579 2486 3635 convenit.

1723 3665 1846 3735 478.
1887 3667 2047 3731 Caput
2069 3679 2126 3714 at
2149 3665 2384 3714 tendatur
2407 3665 2458 3714 ἰιι
2479 3667 2652 3710 dmm.

1653 3743 1832 3814 Vulgo
1859 3757 2016 3810 capue
2041 3757 2146 3794 auc.

1721 3828 1824 3890 479
1843 3861 1860 3889 ,
1889 3823 2008 3884 480.
2029 3825 2188 3886 Quum
2211 3822 2442 3872 madidus
2462 3819 2652 3870 nondum

1646 3921 1741 3970 per
1764 3919 2014 3952 marmora
2036 3902 2234 3952 turbida
2254 3903 2429 3950 condit
2443 3897 2654 3950 Pleiadas

1651 3999 1868 4031 occasus.
1893 3978 2168 4049 Supplevit
2193 3997 2406 4032 versum
2431 3975 2650 4032 Gronau

1651 4058 1812 4128 vulgo
1831 4057 1974 4110 enim
1993 4057 2186 4129 legitur
2211 4057 2430 4111 mutilus
2447 4096 2463 4122 ,
2482 4053 2650 4110 omisso

1653 4140 1887 4188 nondum.
