2996 4685
543 405 672 475 132

1296 364 1405 474 Rs
1433 410 1503 475 F.
1554 408 1901 477 AVIENI

628 533 714 599 Se
759 528 1102 623 geminum
1137 554 1152 596 ε
1195 544 1416 597 nautae
1459 528 1779 597 Pharium
1821 528 2047 598 dixere
2092 529 2531 623 profundum,
2568 544 2657 595 ’.ες

633 636 835 725 Quod
873 636 1105 731 procul
1146 638 1212 704 in
1245 639 1454 707 Casiae
1489 640 1705 732 vergit
1736 638 2027 707 confinia
2058 640 2305 709 cautis:

632 748 1024 840 Sidoniique
1053 746 1297 817 dehinc
1331 746 1459 815 late
1493 748 1647 817 salis
1682 762 1913 817 aestuat
1956 749 2165 834 unda,

630 859 869 928 Issicus
911 856 1272 925 immodico
1312 857 1527 926 donec
1573 858 1761 927 sinus
1803 884 1920 926 ore
1960 874 2277 952 patescat,

636 968 944 1061 AEquoris
975 982 1042 1035 et
1074 968 1282 1035 nostri
1319 968 1406 1035 sit
1439 967 1807 1054 terminus;
1849 993 2006 1036 arva
2045 969 2158 1036 ubi
2198 969 2326 1038 late

631 1077 914 1169 Pinguia
951 1077 1238 1170 proceris
1271 1076 1553 1145 Cilicum
1592 1092 1946 1159 versantur
1981 1079 2239 1148 aratris,
2590 1120 2663 1159 η.

532 1314 595 1365 nii
613 1313 970 1363 ἀναπέπταται.
985 1318 1207 1363 Porrecto
1229 1328 1446 1382 quoque
1460 1328 1557 1381 pro

527 1396 754 1461 projecta
779 1402 994 1444 notante
1024 1388 1245 1443 Schrad.
1266 1388 1391 1441 vide
1419 1388 1557 1441 infra

537 1472 641 1525 hoc
661 1484 838 1537 tomo,
863 1490 990 1543 pag.
1019 1470 1133 1534 143.
1166 1470 1272 1522 En.

611 1551 708 1605 165
746 1558 807 1604 Se
822 1556 872 1603 in
896 1555 1165 1621 geminum,
1189 1549 1299 1601 scil.
1325 1546 1470 1600 unda
1500 1565 1556 1599 ae

533 1631 757 1703 porrigit
783 1630 836 1682 in
863 1630 1134 1703 geminum
1162 1646 1362 1699 aequor,
1390 1626 1555 1679 voluit

539 1712 695 1763 Voss.
719 1707 809 1763 sed
837 1709 1047 1763 frustra.
1081 1708 1302 1779 DionysL
1329 1726 1381 1759 v.
1413 1723 1509 1759 112
1536 1722 1551 1758 :

535 1794 670 1847 Δοιαὶ
698 1789 751 1846 δ’
778 1792 928 1855 ἑξείης
949 1792 1166 1861 προτέρῳ
1195 1790 1444 1861 φρίσσουσι
1469 1788 1554 1841 oi·

530 1880 734 1927 λασσαι.
758 1867 982 1923 sehr-ad.
1007 1871 1201 1919 Furium
1223 1869 1395 1919 dixere
1413 1864 1551 1917 Pith.

534 1968 565 2003 e
596 1950 731 2002 Ven.
769 1952 1000 2001 Pharium
1043 1948 1203 2019 Cusp.
1227 1944 1462 1999 Vadian.
1504 1955 1554 1999 et

528 2028 734 2100 reliqui.

611 2110 729 2161 166.
753 2112 901 2175 Quod
916 2111 1094 2175 procul
1119 2108 1234 2157 hinc
1265 2107 1423 2158 Casia,-
1439 2122 1555 2155 ver-

528 2190 618 2255 git.
648 2190 774 2239 Hine
819 2190 950 2237 Asia·
977 2187 1110 2237 Ven.
1145 2184 1328 2235 Ambr.
1354 2183 1555 2252 Legen-

533 2266 666 2318 dum
690 2268 740 2317 in
774 2268 936 2316 Cast‘ae
967 2268 1156 2331 vergit.
1181 2260 1307 2313 Vid.
1335 2262 1554 2314 observ.

534 2365 589 2416 p.
620 2351 704 2416 47.
733 2349 860 2396 Hinc
879 2355 1064 2396 natum
1087 2361 1148 2394 ex
1178 2345 1382 2402 deliine,
1413 2344 1559 2412 quod

536 2443 690 2479 versu
721 2434 970 2493 sequente
1005 2419 1251 2474 occurrit.
1293 2426 1332 2475 C
1367 2431 1442 2473 est
1473 2439 1555 2472 se·

535 2504 746 2576 quentis
779 2503 922 2556 vocis
953 2506 1128 2554 δαείω.
1166 2503 1275 2554 Nec
1303 2499 1370 2552 de
1395 2500 1560 2552 latini-

535 2594 640 2635 tate
665 2580 1032 2635 dubitandum.
1068 2579 1272 2632 Pariter
1301 2579 1552 2632 Priscian.

535 2683 586 2716 v.
613 2679 744 2715 120:
771 2687 796 2706 «-
810 2670 1054 2733 penetrat
1069 2678 1178 2730 qua
1199 2659 1408 2730 gurgite
1425 2676 1557 2727 pon-

538 2756 624 2795 tus
664 2741 884 2808 Issicus,
913 2740 1128 2792 Arctoas
1165 2735 1230 2789 ad
1268 2747 1444 2807 partes
1488 2757 1557 2790 a·

536 2840 704 2893 quore
738 2837 958 2891 vergens
984 2843 1030 2871 n.
1067 2817 1200 2869 Plin.
1223 2818 1250 2869 1
1270 2854 1286 2879 ‚
1320 2818 1421 2886 259
1439 2854 1454 2880 ,
1487 2834 1553 2885 9:

535 2899 872 2954 -Atlanticua
909 2899 1056 2950 ainus
1099 2897 1268 2948 Rubri
1307 2896 1467 2949 maris
1502 2895 1557 2948 in

536 2985 825 3052 AEgyptum
863 2975 1126 3048 vergentis
1153 3002 1194 3027 ιι.
1233 2977 1360 3026 Hine
1398 2976 1557 3027 Casiae

535 3058 761 3114 correxit
782 3058 930 3110 Cam.
949 3054 1016 3108 ad
1043 3055 1207 3106 Prisc.
1236 3073 1256 3106 1
1271 3072 1330 3122 19
1348 3094 1361 3120 ,
1393 3053 1558 3106 idem-

537 3157 642 3212 que
658 3149 836 3192 tenent
852 3138 1012 3208 Cuap.
1031 3134 1170 3186 Pith.
1194 3147 1246 3186 et
1257 3133 1555 3202 Huds.pm-

537 3223 619 3271 cul
642 3222 693 3270 in
722 3221 884 3268 Case'oe
913 3213 1137 3268 correxit
1155 3212 1286 3266 coel.
1309 3213 1555 3284 Calcagn.

531 3303 588 3352 in
616 3297 798 3352 adnot.
825 3295 895 3349 ad
921 3295 1140 3367 Dionys.
1161 3291 1309 3346 dedit
1331 3293 1557 3345 vadian.

537 3379 712 3432 firmat
751 3373 972 3430 Schrad.
1019 3386 1130 3426 tum
1172 3372 1260 3426 hic
1279 3410 1296 3434 ‚
1345 3384 1454 3424 tum
1500 3373 1557 3424 in

537 3459 763 3510 Observ.
789 3475 841 3527 p.
871 3460 958 3523 47,
996 3465 1048 3506 et
1079 3452 1130 3504 in
1162 3451 1304 3522 praef.
1336 3450 1405 3503 ad
1432 3449 1552 3504 libr.

539 3533 764 3588 Emend.
793 3552 915 3604 pag.
943 3531 1027 3585 55.
1059 3534 1184 3585 Hinc
1220 3533 1377 3581 Casia·
1404 3534 1559 3582 ven-ie

540 3615 759 3684 confinia
801 3615 939 3682 conj.
983 3609 1158 3661 Huds.
1197 3607 1254 3660 in
1291 3607 1428 3662 Add.
1462 3608 1555 3662 sed

541 3692 806 3762 improbat
833 3709 880 3741 v.
912 3688 1056 3742 doct.
1086 3690 1140 3742 in
1167 3689 1297 3741 obs.
1331 3687 1554 3741 Miscell.

539 3774 641 3824 vol.
666 3770 725 3835 I,
760 3787 810 3839 p.
835 3769 957 3821 386.
1129 3789 1144 3820 .·

619 3853 734 3918 167.
761 3850 1024 3913 Sidonique
1050 3847 1182 3899 Ven.
1213 3849 1560 3914 Sidoniumque

541 3931 702 3999 Cuap.
747 3929 1028 3994 Sidoniique
1069 3925 1304 3997 corrigit·
1341 3925 1559 3978 Camers

544 4007 612 4059 ad
645 4005 798 4058 Prisc.
827 4023 952 4074 119,
977 4005 1120 4076 quod
1149 4015 1327 4056 tenent
1347 4003 1558 4076 reliqui.

627 4087 742 4140 168.
760 4087 940 4137 Issicus
959 4088 1010 4136 iu
1029 4087 1221 4136 modico
1240 4085 1401 4155 Cusp.
1419 4083 1557 4136 Pith.

546 4166 696 4220 Huds
705 4205 718 4219 .
731 4167 976 4218 inmodico
995 4161 1139 4216 dedit
1152 4163 1290 4214 vad.
1304 4164 1559 4214 t'tnmode'eo

1646 1310 1851 1363 emend.
1901 1312 2083 1365 Heius.
2126 1314 2325 1386 pariter
2364 1310 2573 1367 Solu-ad.
2611 1324 2661 1363 et

1624 1388 1766 1454 hic,
1795 1404 1846 1445 et
1872 1392 1928 1443 in
1959 1394 2101 1463 praef.
2126 1393 2194 1446 ad
2222 1393 2310 1446 lib.
2336 1391 2555 1446 Emend.
2582 1392 2665 1445 id-

1646 1488 1753 1541 que
1790 1489 1851 1523 ex
1879 1471 2163 1543 Dionysio,
2192 1472 2414 1544 ipsoque
2440 1472 2664 1537 Avieno,

1645 1549 1737 1620 qui
1760 1570 1835 1603 vs.
1860 1568 1994 1620 790:
2040 1550 2349 1605 «immodici
2388 1552 2491 1603 late
2524 1561 2666 1622 patet

1645 1629 1751 1681 oris
1772 1628 1947 1682 hiatus
1967 1657 2007 1682 a.

1722 1711 1836 1777 169.
1872 1712 2104 1777 AEquon's
2140 1724 2188 1762 ee
2228 1711 2383 1761 nostri
2406 1711 2471 1759 st'e
2500 1712 2663 1759 tenni-

1644 1809 1752 1841 mas.
1795 1788 2051 1855 Quaedam
2088 1788 2229 1842 male
2252 1792 2342 1860 fit.
2388 1787 2665 1859 Corrigen-

1643 1868 1773 1922 dum
1799 1870 1977 1941 itaque
1998 1892 2011 1921 :
2042 1896 2067 1915 u
2089 1868 2261 1921 donec
2284 1868 2429 1921 sinus
2454 1887 2546 1920 ore
2573 1886 2665 1937 pa-

1643 1960 1805 2003 tescat
1821 1989 1836 2013 ,
1863 1948 2109 2020 AEquoris
2129 1960 2181 2000 et
2207 1947 2373 2000 nostri
2399 1947 2465 1999 sit
2491 1946 2667 1999 termi-

1642 2048 1745 2081 nus
1768 2054 1812 2081 ι.
1840 2029 1923 2083 sic
1946 2029 2086 2082 enim
2112 2028 2341 2080 Avienus
2369 2027 2513 2099 loqui
2534 2027 2666 2078 solet

1643 2127 1723 2159 vs.
1752 2108 1819 2161 36
1844 2127 1874 2180 τ,
1904 2134 1930 2154 σι
1947 2107 2341 2178 Terrarumque
2368 2107 2527 2159 trium
2557 2124 2667 2157 mo·

1646 2187 1745 2240 dus
1784 2199 1861 2240 est
1896 2205 2073 2252 mare,
2116 2186 2286 2238 donee
2325 2185 2378 2237 in
2420 2185 2509 2238 alti
2556 2186 2665 2239 Ora

1647 2266 1833 2337 procul
1869 2264 1975 2319 Nili
2016 2267 2119 2319 late
2150 2264 2333 2317 Thetis
2369 2263 2528 2317 efflua
2562 2283 2667 2317 aer-

1646 2359 1734 2416 pat
1752 2372 1795 2399 a.
1818 2345 1977 2398 Conf.
2003 2365 2057 2398 v.
2090 2345 2186 2398 158
2207 2357 2258 2398 et
2278 2345 2396 2397 506.
2425 2345 2542 2396 Non
2572 2341 2669 2396 ali·

1648 2436 1726 2477 ter
1754 2426 1934 2477 Manil.
1962 2426 2059 2490 IV,
2096 2442 2175 2477 vs.
2199 2427 2335 2494 670,
2358 2423 2425 2476 de
2444 2423 2622 2475 Africa
2650 2441 2663 2474 :

1649 2528 1675 2550 ιι
1690 2507 1766 2556 Ac
1790 2504 1950 2556 sterili
1970 2509 2117 2577 pejor
2136 2502 2301 2556 siccas
2321 2503 2539 2556 incestat
2556 2521 2668 2555 are·

1648 2602 1740 2636 naa
1760 2621 1775 2646 ‚
1821 2587 2001 2637 Donec
2040 2581 2107 2635 ad
2136 2581 2353 2654 AEgypti
2382 2593 2540 2653 ponat
2573 2600 2666 2634 sua

1640 2663 1765 2734 jura
1808 2663 2024 2716 colonos
2052 2687 2092 2714 n.
2138 2661 2288 2713 Idem
2306 2701 2321 2726 ‚
2370 2662 2468 2726 IV,
2523 2664 2627 2729 627
2651 2679 2665 2712 :

1647 2743 1867 2794 «Donec
1904 2740 1958 2792 in
1996 2743 2285 2812 AEgyptum
2312 2739 2529 2793 redeant
2550 2759 2670 2792 cur-

1647 2831 1762 2873 vata
1802 2839 1899 2892 per
1928 2819 2096 2873 undas
2131 2820 2315 2873 Litora
2336 2845 2377 2872 -.
2416 2819 2513 2900 llic
2553 2821 2671 2891 qui·

1648 2901 1766 2955 dem
1792 2901 1958 2952 Bentl.
1978 2911 2159 2952 notat:
2196 2925 2221 2944 ιι
2244 2899 2419 2950 Immo
2444 2903 2667 2958 redeunt,

1647 2999 1768 3032 cum
1806 2979 2023 3031 vetustis
2057 2990 2345 3051 quatuor».
2364 2977 2467 3032 Sed
2495 2997 2669 3030 exem·

1646 3059 1747 3132 plis
1773 3059 1990 3120 Avieni,
2018 3071 2177 3129 atque
2204 3057 2339 3110 adeo
2366 3058 2567 3110 Manilii
2596 3077 2669 3110 re·

1650 3137 1869 3190 fellitur.
1902 3139 2061 3190 Semi.
2087 3169 2158 3176 -—
2183 3140 2256 3187 Sic
2274 3140 2504 3188 cenninus
2532 3137 2667 3189 Ven.

1648 3217 1805 3286 Cuap.
1818 3219 1891 3286 fic
1914 3219 2140 3267 terminus
2168 3214 2311 3268 Vad.
2338 3215 2475 3269 Pith.
2500 3213 2668 3267 Huds.

1647 3298 1719 3347 sic
1737 3298 1969 3346 terminus
1990 3295 2172 3347 Ambr.

1728 3394 1844 3447 170.
1866 3378 2079 3426 Prvceris
2105 3377 2303 3426 Cilicum
2324 3376 2519 3427 aratris.
2542 3373 2670 3426 For-

1644 3473 1737 3507 san
1756 3457 2009 3522 procur-vis
2028 3491 2043 3516 ,
2090 3452 2236 3524 quod
2268 3454 2415 3505 malit
2444 3449 2667 3506 Oddius.

1645 3531 1819 3586 Humi.
1862 3531 1963 3585 Sed
1992 3551 2150 3585 versu
2178 3533 2415 3603 sequenti
2448 3531 2671 3584 recurrit

1644 3637 1670 3657 σι
1696 3611 1873 3664 Curva
1902 3611 2013 3663 salo
2044 3611 2216 3666 forma
2247 3626 2325 3667 est
2358 3636 2403 3664 ι.
2438 3611 2504 3662 Et
2532 3609 2673 3663 aimi-

1643 3688 1761 3742 liter
1802 3689 1986 3742 Avien.
2027 3711 2082 3742 v.
2133 3691 2269 3756 354:
2322 3709 2487 3763 «qua-
2526 3689 2672 3760 longi

1644 3767 1882 3840 pondere
1894 3769 2053 3820 aratri
2068 3769 2377 3823 Sollicitavit
2393 3770 2617 3822 humum
2630 3795 2671 3818 a.

1645 3849 1876 3920 Scaliger
1924 3848 2077 3900 etiam
2119 3847 2242 3902 huic
2290 3850 2409 3902 voci
2456 3849 2671 3902 obelum

1646 3922 1888 4000 adposuit
1909 3967 1924 3990 ,
1947 3926 2037 3978 sed
2066 3926 2118 3978 in
2142 3941 2391 4001 promptu
2419 3941 2541 3982 sunt
2563 3931 2673 3982 Ve-

1647 4021 1817 4061 terum
1847 4008 1959 4058 loca
1978 4043 1992 4070 ,
2026 4007 2158 4060 Ptin.
2180 4009 2237 4061 11
2255 4048 2270 4071 ,
2298 4011 2393 4063 123
2411 4051 2426 4076 ‚
2454 4017 2545 4071 145
2574 4009 2675 4062 Co-

1648 4085 1774 4139 lum.
1795 4085 2011 4150 11‚n3‚
2046 4094 2136 4150 ²43
2163 4087 2321 4141 Ovid.
2348 4089 2466 4141 Ain.
2494 4089 2596 4156 111,
2616 4089 2671 4150 8,

1653 4162 1953 4228 413Pallad.
1982 4165 2037 4216 R.
2069 4167 2129 4220 R.
2151 4169 2178 4219 1
2199 4208 2214 4235 ,
2243 4165 2309 4232 43
2331 4208 2346 4235 ,
2381 4185 2401 4220 1
2427 4206 2444 4231 ,
2481 4166 2677 4240 quibua
