2996 4685
742 354 1362 423 DESCRIPTIO
1411 353 1712 421 ORBIS
1764 351 2137 420 TERRAE.

2366 350 2505 423 305

451 475 631 547 Solis
674 478 758 546 ab
801 500 1044 545 occasu
1080 491 1340 543 vastum
1385 475 1739 545 decurrere
1774 472 2047 545 Nilum-z

454 587 772 657 Indicum
810 586 896 655 ab
937 587 1098 655 Eois
1133 609 1317 654 mare
1351 586 1643 671 fervere,
1676 604 1905 653 rursus
1945 583 2031 653 ab
2074 586 2326 654 Austro

456 696 806 767 Fluctibus
850 695 1222 766 immodicis
1259 696 1475 765 Rubri
1516 694 1669 765 salis
1704 719 1973 789 aequora
2012 694 2209 765 volvi.

2412 722 2511 760 105⁵

457 811 606 877 Ora
642 806 886 902 Syrum
931 807 1118 875 curvi
1159 805 1611 899 procumbens
1650 803 1865 873 litoris
1906 818 2051 873 acta

457 922 546 989 In
582 922 842 990 Notum
885 932 953 985 et
990 918 1116 985 Eoi
1151 915 1444 985 confinia
1490 914 1789 983 tenditur
1822 915 2008 983 Euri.

460 1032 630 1098 Haec
669 1026 854 1099 Coele
891 1042 991 1096 est
1025 1027 1238 1097 Graio
1274 1026 1398 1095 sub
1439 1025 1749 1094 nomine.
1802 1048 2091 1118 namque
2131 1022 2393 1095 duobus

453 1142 563 1211 Ut
601 1137 917 1209 conclusa
957 1139 1177 1233 jugiS‚
1223 1136 1411 1206 vallis
1451 1137 1629 1220 vice,
1668 1132 1883 1204 multa
1920 1148 2217 1204 cavatur.

457 1250 575 1320 Ab
607 1250 914 1344 Zephyro
950 1248 1190 1318 Casius
1232 1272 1427 1317 mons
1460 1246 1799 1314 imminet:
1835 1269 1957 1313 axe
2000 1242 2133 1313 diei

461 1361 956 1455 Consurgentis
995 1360 1154 1428 item
1191 1358 1492 1427 Libanus
1526 1357 1774 1451 premit
1808 1355 2057 1425 arduus
2096 1380 2273 1424 arva.

459 1474 628 1541 Pars
672 1470 909 1566 procul
949 1496 986 1539 a
1033 1468 1270 1564 pelago
1308 1482 1521 1536 terras
1556 1464 1751 1552 colit,
1786 1464 1991 1559 inque
2030 1489 2294 1534 recessu

393 1716 398 1721 .
441 1670 1085 1725 1053.DecurrercNi1um.
1105 1670 1210 1723 Pro
1231 1673 1401 1723 decur-

361 1771 507 1812 rere,
561 1749 706 1821 quod
753 1768 938 1803 omnes
985 1748 1109 1802 edd.
1163 1749 1400 1815 habent,

355 1830 528 1885 Schr.
545 1828 757 1899 conjicit
773 1832 1045 1880 discurrere
1051 1867 1068 1889 ,
1098 1828 1224 1899 quia
1245 1826 1399 1880 alibi:
1428 1860 1434 1867 ·

351 1923 555 1977 septem
569 1908 796 1959 discurrit
811 1908 862 1958 ἰη
880 1910 1026 1959 ostia.
1051 1937 1124 1947 —
1149 1907 1306 1961 Forte
1329 1908 1402 1959 si-

351 1987 593 2061 guificat
619 1986 766 2057 Virg.
790 1987 888 2056 qui
915 1986 1116 2058 Georg.
1135 1986 1239 2050 IV,
1261 2002 1401 2055 393.
1388 2004 1402 2016 ·

355 2095 384 2113 ι-
400 2068 490 2119 Et
508 2066 719 2119 diversa
743 2083 902 2119 ruens
929 2077 1130 2137 septem
1157 2065 1408 2120 discurrit

357 2149 421 2201 in
463 2164 564 2199 ora
581 2170 629 2196 a.
658 2145 763 2197 En.
795 2172 863 2183 -
896 2145 1001 2199 Sed
1031 2144 1137 2199 hoc
1173 2145 1294 2197 loco
1337 2143 1407 2197 de

359 2227 608 2281 decursu
644 2224 752 2278 Nili
791 2242 822 2277 a
860 2224 1099 2277 fontibus
1129 2224 1238 2276 suis
1257 2262 1272 2290 ,
1296 2241 1406 2294 quo

364 2306 514 2358 larus
541 2304 674 2356 Asiae
702 2303 1022 2377 praestringit
1039 2340 1058 2369 ‚
1077 2320 1252 2356 sermo
1289 2314 1403 2356 est:

368 2385 608 2438 discurrit
633 2395 812 2435 autem
850 2383 1004 2436 Nilus
1023 2422 1039 2448 ‚
1083 2381 1305 2454 quando
1349 2381 1405 2433 in

371 2475 582 2537 septem
625 2461 836 2516 diversa
883 2464 1019 2516 ostia
1061 2459 1371 2517 distrahitur
1388 2499 1404 2524 ‚

373 2556 482 2597 aut
522 2540 616 2594 ubi
663 2540 902 2612 divagari
961 2555 1054 2610 per
1096 2559 1313 2612 campos
1356 2550 1410 2592 et

377 2619 648 2674 inundare
687 2618 902 2671 dicitur.
925 2616 1049 2671 Vid.
1085 2619 1286 2672 Lucan.
1320 2619 1372 2670 X
1392 2654 1410 2680 a

383 2700 493 2753 338
510 2738 526 2763 ,
565 2697 660 2749 ubi
695 2708 746 2749 et
777 2701 1031 2749 decurrere
1059 2705 1110 2748 et
1141 2699 1412 2748 discurrere

381 2779 478 2832 alii
507 2776 824 2829 alterutrum
857 2775 1052 2846 legunt.

463 2855 622 2910 1055.
682 2858 923 2907 Fluctibus
981 2856 1275 2906 immdicis.
1330 2853 1416 2906 Sic

386 2935 550 2991 ovid.
570 2936 698 2989 Her.
718 2934 931 3000 XVIII,
953 2935 1077 3004 137:
1100 2960 1124 2980 «
1139 2932 1416 2986 Fluctibus

387 3015 686 3071 immodicis
732 3012 1142 3068 Athamantidos
1196 3031 1415 3086 equora

390 3107 606 3161 canent,
626 3095 836 3167 Vixque
877 3104 1056 3146 manet
1097 3103 1258 3165 portu
1303 3105 1412 3146 tuta

393 3174 570 3226 carina
601 3191 698 3225 suo
715 3197 758 3224 ι.
781 3173 946 3224 δοιιιι.

470 3253 620 3304 1056.
660 3249 988 3302 Schraderus
1029 3267 1152 3302 cum
1199 3249 1417 3302 Heinsio

394 3329 518 3402 legit
540 3335 643 3381 Ora
663 3334 836 3394 «Syrum
854 3331 988 3378 curvi
997 3347 1294 3395 procurrens
1313 3333 1420 3380 lito-

398 3412 465 3461 ris
482 3424 612 3461 acta.
635 3407 740 3462 Sed
753 3407 879 3480 quia
897 3405 1118 3460 additur
1133 3413 1192 3459 Ia
1209 3413 1389 3460 Notum
1401 3449 1418 3472 ‚

395 3501 598 3543 rectum
621 3505 736 3540 esse
753 3498 887 3559 puto
901 3489 1242 3555 procumbens.
1265 3486 1422 3542 Conf.

397 3588 519 3642 qum
559 3568 786 3622 diximus
822 3566 890 3620 nd
924 3585 1002 3619 vs.
1037 3563 1102 3618 35
1130 3577 1181 3618 et
1215 3567 1328 3619 125.
1359 3596 1420 3605 —

396 3650 544 3705 Κοίλη
563 3649 707 3720 Συρία
721 3687 735 3712 ,
760 3647 962 3701 Gracis
977 3643 1118 3697 dicta
1135 3684 1153 3710 ,
1173 3645 1207 3696 i.
1226 3663 1272 3697 e.
1292 3661 1422 3698 cava

395 3730 578 3801 Syria,
607 3747 640 3781 a
666 3739 814 3799 tergo
837 3726 1057 3780 aliarum
1076 3723 1241 3796 Syrio
1258 3723 1425 3795 regio-

398 3827 530 3862 num
549 3845 566 3871 ,
593 3825 622 3858 a
651 3805 835 3859 Judaea
870 3805 1046 3858 Peraea
1079 3801 1146 3854 ad
1184 3801 1424 3874 Euphra-

399 3898 508 3940 tem
533 3905 702 3959 usque
722 3883 1078 3958 protenditur.
1101 3883 1200 3934 En.

481 3965 630 4035 1059.
661 3968 858 4016 Duobus
897 3969 959 4013 Ue
991 3966 1224 4013 conclusa
1250 3963 1423 4028 jugis,

401 4045 458 4097 h.
485 4063 528 4098 e.
551 4050 678 4117 quia
719 4043 914 4098 scilicet
941 4041 1148 4099 duobus
1176 4040 1424 4094 conclusa

405 4125 676 4178 montibus
741 4135 837 4176 est.
897 4119 1048 4174 Conf.
1103 4131 1282 4174 notata
1354 4119 1425 4173 ad

649 4216 732 4283 V.

1487 1687 1566 1721 vs.
1591 1670 1953 1721 Sta—Multa
1972 1682 2193 1729 cavatur,
2214 1668 2252 1720 i.
2281 1687 2328 1721 e.
2352 1668 2519 1721 maxi·

1488 1766 1634 1801 mam
1664 1760 1868 1818 partem
1899 1766 2031 1799 cava
2056 1758 2166 1814 est,
2195 1748 2335 1800 sicut
2366 1752 2521 1817 pluri-

1492 1846 1599 1878 mus
1628 1844 1891 1898 usurpare
1912 1827 2107 1879 Noster
2133 1826 2267 1879 solet
2298 1846 2349 1879 v.
2382 1827 2486 1889 463
2503 1864 2519 1890 ‚

1501 1925 1651 1977 ¹0²7·

1574 2004 1591 2037 ι
1601 1988 1721 2039 061.
1732 1992 1848 2037 Axe
1856 1988 1957 2037 diei
1966 1988 2332 2053 consurgentis.
2333 1986 2525 2040 Orien·

1495 2062 1560 2116 tis
1600 2064 1767 2130 Solis,
1790 2076 1849 2116 ut
1888 2083 2050 2137 supra
2082 2084 2129 2118 v.
2163 2065 2263 2118 65.
2286 2067 2393 2118 -At
2419 2084 2521 2138 qua

1494 2143 1665 2214 prima
1689 2142 1801 2196 dies
1818 2144 1979 2197 rutilo
1998 2144 2291 2197 sustollitur
2309 2156 2453 2197 ortu.
2460 2176 2525 2185 —

1501 2224 1710 2273 Liberum
1739 2224 1922 2290 premit
1952 2228 2139 2273 arduus
2172 2243 2321 2283 arva,
2368 2236 2429 2276 ut
2466 2224 2525 2276 in

1493 2301 1591 2354 Or.
1608 2319 1744 2355 mar.
1758 2320 1809 2354 v.
1826 2300 1956 2368 556,
1978 2322 2041 2356 ex
2058 2301 2271 2356 emend.
2292 2301 2523 2358 Schrad.

1495 2382 1655 2447 «Qua
1674 2381 1903 2454 pinifero
1936 2394 2037 2435 stat
2059 2381 2263 2455 Pyrene
2292 2383 2491 2437 vertice
2508 2421 2525 2447 ‚

1493 2461 1562 2512 Et
1587 2479 1719 2514 arva
1742 2461 1843 2515 late
1868 2473 1921 2514 et
1942 2462 2203 2532 gurgitem
2230 2462 2383 2534 ponti
2405 2481 2527 2535 pre-

1495 2540 1594 2594 mit
1616 2565 1639 2587 »
1658 2557 1673 2603 ;
1694 2553 1747 2593 et
1761 2541 1925 2594 Rutil.
1948 2542 1995 2607 1,
2010 2539 2142 2595 315:
2164 2540 2452 2596 «Tenditur
2470 2542 2527 2595 in

1497 2617 1702 2672 medias
1744 2638 1901 2672 mons
1936 2620 2283 2690 Argentarius
2323 2620 2526 2684 undas,

1501 2696 1837 2769 Ancipitique
1854 2700 1989 2770 jugo
2012 2700 2205 2753 corula
2224 2718 2381 2751 curva
2410 2719 2532 2770 pre-

1501 2776 1653 2828 mit».
1674 2775 1789 2828 Alia
1828 2774 1954 2828 vide
1986 2776 2133 2848 apud
2160 2777 2384 2830 Schrad.
2417 2777 2531 2830 Oh-

1505 2872 1643 2906 serv.
1672 2872 1729 2925 p.
1763 2851 1848 2905 83.
1869 2855 1968 2909 W.
2004 2885 2075 2894 —
2100 2858 2346 2917 Libanus,
2378 2875 2533 2910 mons

1506 2933 1703 2986 nobilis
1719 2971 1734 2996 ‚
1762 2953 1791 2985 a
1820 2945 1966 3004 tergo
1986 2932 2197 2987 Sidonis
2214 2953 2393 2996 onus,
2420 2937 2531 2998 MD

1504 3010 1677 3066 stadia
1709 3014 1767 3066 in
1800 3012 2136 3084 Coelesyriam
2163 3031 2333 3084 usque
2364 3015 2534 3084 porri·

1504 3093 1665 3164 gitur.
1692 3092 1799 3146 En.

1584 3176 1739 3225 1063.
1758 3178 1923 3241 Inque
1952 3193 2145 3226 recessu
2174 3179 2308 3227 Gens
2334 3178 2527 3244 agitas,

1507 3253 1562 3304 in
1616 3252 1923 3323 regionibus
1973 3253 2110 3306 Asin
2162 3254 2497 3309 interioribus
2513 3293 2530 3319 ,

1508 3351 1630 3403 qua·
1658 3332 1825 3402 magis
1844 3329 2103 3384 recedunt
2119 3350 2152 3384 a
2170 3333 2325 3386 litore
2343 3334 2503 3388 maris
2516 3375 2533 3402 ‚

1511 3411 1588 3463 uti
1629 3409 1819 3462 Noster
1862 3409 1989 3462 alibi
2034 3410 2199 3475 solet,
2221 3424 2283 3464 ut
2309 3431 2359 3466 v.
2391 3413 2527 3468 325:

1510 3515 1532 3538 ι
1546 3499 1601 3542 at
1632 3501 1890 3558 quantum
1920 3501 2185 3542 terrarum
2211 3490 2418 3546 interna
2444 3512 2529 3547 re-

1509 3566 1756 3622 cedunt-⁸.
1770 3568 1945 3620 Versu
1981 3567 2083 3620 386
2111 3589 2350 3622 recessum
2370 3575 2532 3639 Libyae

1511 3645 1638 3700 dicit
1672 3657 1903 3700 tractum
1930 3648 2046 3718 ejus
2072 3648 2144 3700 sb
2166 3649 2455 3707 Occidente
2476 3653 2533 3704 in

1512 3724 1785 3778 Orientem
1824 3738 2150 3797 porrectum.
2184 3727 2288 3782 Sed
2314 3751 2532 3785 recessus

1512 3808 1711 3870 Nyssoei
1731 3824 1785 3857 v.
1821 3806 1953 3876 1375
1993 3805 2141 3859 aliter
2178 3809 2529 3882 intelligendi.

1513 3881 1767 3954 Virgilius
1819 3905 2061 3938 secessum
2113 3886 2247 3942 dixit
2293 3895 2417 3944 AEn.
2470 3893 2529 3957 1,

1520 3961 1645 4031 159:
1674 3965 1843 4018 -Est'
1827 3985 1884 4019 ιιι
1903 3985 2109 4020 secessu
2134 3969 2295 4039 longo
2318 3971 2533 4032 locus»,

1514 4041 1549 4093 i.
1575 4059 1621 4096 e.
1649 4042 1707 4094 in
1730 4058 1937 4098 remoto
1965 4059 2017 4098 et
2038 4045 2285 4102 interiore
2318 4049 2435 4102 sinu
2474 4051 2537 4100 li-

1514 4121 1661 4173 toris.
1682 4123 1782 4178 W.
1876 4173 1883 4181 ,

2150 4243 2239 4286 20
