2996 4685
616 384 1287 458 TESTIMONIA
1358 383 1988 470 AUCTORUM,
2037 402 2164 456 etc.
2363 383 2456 458 83

324 537 517 601 nent,
572 533 650 582 ut
688 515 865 590 Arati
885 560 903 596 ,
956 515 1145 595 cujus
1174 514 1607 582 Phaenoniena
1641 518 1928 583 carmine
1965 519 2234 588 heroico
2259 523 2458 590 latine

326 623 685 715 expressit:
734 621 873 690 alise
906 619 989 686 ad
1024 619 1287 702 heroas,
1343 636 1418 684 ut
1449 622 1700 711 Virgilii
1744 639 1812 688 et
1863 623 2020 690 Livii
2063 625 2460 710 Andronici,

328 753 497 819 quos
542 728 833 793 iambicis
878 726 1169 794 versibus
1214 726 1534 792 reddidit:
1577 728 1838 793 tertium
1879 753 2088 819 genus
2138 733 2222 798 ad
2265 735 2458 802 bruta
2505 733 2508 741 ’

332 834 714 916 animantia,
748 849 825 898 ut
855 833 1118 921 AEsopi,
1150 833 1334 914 cujus
1378 835 1630 922 generis
1676 851 1833 899 sunt
1884 836 2006 900 illae
2050 839 2270 926 paullo
2315 857 2466 930 post

332 939 416 1006 ad
440 938 925 1020 Theodosium,
970 937 1139 1004 forte
1169 935 1252 1002 ad
1286 937 1729 1021 Mam-obium,
1782 941 1899 1029 qui
1931 957 1998 1006 et
2031 945 2349 1010 Avienum
2387 963 2464 1012 ut

332 1062 733 1112 coaetaneum
770 1061 965 1132 atque
1004 1044 1285 1118 amicum
1334 1044 1401 1107 in
1442 1044 1576 1108 suis
1608 1045 2052 1111 Saturnalibus
2087 1049 2462 1138 loquentem

332 1151 620 1234 inducit,
654 1173 1051 1241 quamquam
1087 1171 1181 1214 em
1208 1149 1439 1214 fabulae
1470 1148 1538 1213 iu
1573 1149 1962 1238 quibusdam
1992 1153 2464 1243 exemplaribus

334 1257 593 1340 Aviani,
624 1258 694 1321 in
740 1257 877 1321 aliis
918 1253 1151 1320 Auiani
1196 1275 1439 1325 nomen
1474 1255 1863 1344 praeferunt,
1901 1279 2036 1346 quo
2079 1275 2145 1324 et
2189 1261 2473 1327 citantur

328 1363 413 1428 ab
471 1379 737 1429 auctore
800 1362 998 1428 libelli
1059 1360 1561 1426 proverbiorum
1587 1411 1605 1442 ,
1665 1363 1778 1450 qui
1843 1363 2030 1428 Bedoe
2098 1365 2463 1456 adscriptus

329 1484 459 1554 est,
496 1486 616 1537 etc.

442 1665 560 1730 lx.
606 1663 1058 1732 MARTINUS
1090 1663 1469 1744 OPITIUS,
1498 1663 1646 1728 Var.
1677 1663 1852 1730 Lect.
1887 1689 2025 1754 cap.
2058 1691 2120 1754 7,
2150 1690 2213 1755 p.
2250 1691 2353 1756 27.

423 1857 613 1950 Cepit
641 1883 747 1925 me
779 1859 1072 1948 inprimis
1098 1857 1249 1924 Rufi
1278 1857 1455 1923 Festi
1483 1861 1709 1924 Avieni
1741 1859 1824 1924 de
1857 1856 1988 1924 Ora
2023 1861 2341 1927 maritima
2371 1863 2471 1928 in·

334 1963 533 2058 signis
558 1963 744 2048 liber,
782 1963 851 2028 in
886 1987 1021 2054 quo
1054 1986 1193 2028 rara
1220 1964 1538 2028 sermonis
1573 1981 1639 2029 et
1667 1963 1750 2030 ad
1775 1963 2064 2030 Graecam
2091 1965 2470 2055 elegantiam

334 2073 647 2138 accedens
676 2085 1013 2153 venustas,
1053 2070 1389 2157 multaque
1418 2091 1497 2134 ex
1531 2069 1882 2161 deperditis
1912 2070 2289 2137 auctoribus
2321 2069 2470 2138 alibi

336 2201 471 2243 non
505 2173 793 2268 legenda.
830 2172 1021 2241 Aliud
1062 2173 1368 2264 equidem
1408 2175 1648 2257 fatum,
1693 2199 1893 2265 quam
1929 2193 2004 2242 ut
2034 2194 2164 2241 tam
2199 2198 2468 2244 mancus

334 2300 402 2351 et
440 2282 711 2350 mutilus
762 2281 1315 2365 circumferretur,
1381 2279 1571 2370 plane
1627 2282 1896 2351 meritus
1955 2299 2173 2349 est....
2201 2332 2216 2349 .
2271 2278 2469 2351 Recte

333 2414 491 2457 vero
518 2390 733 2456 editur
760 2390 889 2454 hoc
920 2410 1179 2453 carmen
1213 2404 1363 2477 post
1391 2387 1586 2452 Orbis
1623 2388 1990 2478 Periegesin
2009 2438 2028 2473 ‚
2068 2414 2146 2455 ex
2175 2392 2469 2482 Dionysii

336 2498 563 2563 Graeco
596 2498 665 2560 in
707 2495 1009 2560 Latinum
1048 2516 1416 2559 sermonem
1464 2494 1547 2558 ab
1587 2494 1835 2581 Avieno
1869 2518 2162 2563 versam:
2213 2522 2362 2563 nam
2405 2515 2472 2563 et

338 2619 488 2691 post
513 2603 685 2667 illam
712 2600 1083 2666 confectum
1114 2600 1259 2665 fuit.
1288 2598 1544 2665 Iudicat
1569 2596 1889 2683 Avienus,
1911 2592 2044 2667 etc.

425 2794 511 2873 x.
556 2806 1071 2873 afflmsssms
1124 2806 1205 2871 de
1256 2806 1510 2888 Prado,
1556 2806 1626 2869 in
1674 2766 1845 2871 niuis
1883 2806 1967 2871 ad
2002 2808 2382 2897 Luitprandi

1018 2910 1424 2994 Adversaria,
1455 2934 1598 3003 pag.
1634 2910 1787 2999 493.

426 3093 697 3159 Librum
746 3091 830 3157 de
886 3093 1017 3156 situ
1077 3088 1301 3173 Orbis,
1347 3089 1638 3154 imitatus
1692 3087 2080 3180 Dionysium
2102 3140 2120 3173 ,
2172 3090 2466 3161 Groecum

341 3215 635 3289 poetam,
678 3212 755 3261 ut
796 3197 1085 3261 Crinitus
1125 3196 1352 3277 docet,
1397 3194 1773 3259 hexametro
1822 3182 2016 3261 versu
2067 3198 2470 3286 composuit3

344 3322 479 3369 non
503 3324 688 3385 vero,
711 3316 788 3365 ut
811 3300 1153 3389 Gyraldus‚
1180 3300 1403 3365 alienoe
1428 3299 1637 3364 laudis
1662 3298 2010 3387 aliquando
2035 3302 2470 3388 parcissimus,

348 3408 638 3499 Dionysii
658 3426 883 3471 versus
916 3428 995 3470 ex
1023 3404 1258 3470 Graecis
1279 3406 1546 3470 Latinos
1571 3405 1744 3470 fecit.
1762 3454 1777 3470 .
1807 3452 1822 3467 .
1851 3452 1867 3469 .
1895 3453 1910 3469 .
1949 3404 2151 3487 Quod
2177 3408 2472 3493 profecto

344 3516 685 3603 utriusque
716 3534 882 3603 opus
916 3510 1279 3599 inspicienti
1307 3512 1429 3575 erit
1450 3510 1658 3600 palam
1677 3558 1695 3591 ,
1712 3558 1727 3574 .
1755 3557 1772 3575 .
1796 3558 1813 3574 .
1848 3526 1913 3574 et
1936 3508 2276 3575 discrimen
2305 3512 2476 3579 inter

345 3639 698 3711 utrumque
730 3632 985 3711 poetam
1021 3632 1085 3682 et
1121 3640 1383 3707 poema,
1410 3618 1722 3683 minimus
1754 3632 1851 3681 est
1882 3612 2068 3681 labor
2101 3640 2468 3708 agnoscere.

450 3830 593 3893 =x1.
629 3827 857 3893 GAsP.
890 3823 1350 3906 BAR'rnms,
1386 3821 2038 3905 Adv.1n›.xxv111‚
2072 3846 2210 3914 cap.
2239 3847 2336 3891 12.

434 4023 1007 4089 Praestantissimus
1054 4036 1119 4085 et
1156 4018 1372 4107 magni
1412 4018 1689 4081 omnino
1735 4018 1866 4081 oris
1914 4035 2088 4082 vates
2141 4018 2206 4081 in
2259 4020 2336 4089 iis
2377 4040 2482 4086 est

348 4130 561 4195 Rufus
593 4128 915 4209 Avienus,
957 4149 1103 4215 quae
1146 4124 1444 4215 spiritum
1490 4122 1776 4213 capiunt.
1815 4122 1894 4187 In
1946 4123 2176 4188 iambis
2215 4148 2370 4189 vero
2407 4144 2474 4189 et

2156 4228 2222 4296 6.
