2996 4685
746 278 1375 348 ΤΕεΤιΜοΜΑ
1430 279 2051 366 merosum,
2099 291 2227 348 etc.
2459 273 2548 372 87

418 411 650 500 elegias
672 410 1011 515 convertit.
1032 411 1253 498 stylus
1282 411 1419 490 ejus
1444 412 1825 498 perspicuus
1849 431 1980 495 est,
2013 431 2254 491 tersus,
2292 415 2548 504 elegans

418 533 487 582 et
514 515 755 582 saeculo
782 537 907 582 suo
936 513 1245 584 floridior.

462 739 641 804 XXI.
684 739 1192 804 CHRISTOPH.
1222 739 1720 822 CELLARIUS,
1759 741 1824 804 in
1861 741 2130 806 Dissen.
2170 739 2253 806 de
2293 742 2506 829 poetis

1033 844 1269 910 scholae
1300 845 1576 936 publicae
1606 847 1746 910 util.
1781 852 1815 926 S
1850 847 1954 910 25.

504 1031 800 1118 Dionysii
828 1029 1195 1120 Periegesin
1224 1029 1420 1117 latine
1451 1029 1743 1095 versibus
1775 1030 2163 1095 hexametris
2194 1031 2406 1095 Rufus
2435 1055 2553 1095 seu

408 1134 646 1228 ‚Rufius
689 1133 791 1223 (ut
820 1135 889 1200 in
922 1135 1345 1225 inscriptione
1374 1133 1495 1223 est)
1537 1137 1766 1202 Festus
1795 1136 2080 1202 Avienus
2112 1133 2396 1218 reddidit
2414 1186 2434 1220 ,
2471 1136 2553 1201 de

414 1265 553 1331 quo
571 1265 775 1332 supra
799 1241 1119 1326 diximus,
1145 1244 1297 1332 quia
1328 1242 1441 1306 hic
1470 1242 1646 1308 idem
1673 1258 1806 1326 est,
1845 1243 1960 1330 qui
1982 1246 2256 1322 Aratum
2293 1259 2550 1332 poetam

410 1348 759 1415 transtulit.
815 1349 1076 1414 Utinam
1134 1371 1288 1414 vero
1338 1349 1710 1439 castigatior
1756 1349 2088 1414 translatio
2139 1349 2549 1442 Periegeseos

410 1457 727 1520 exstaret!
767 1454 1083 1540 Videant,
1122 1455 1367 1544 quibus
1400 1454 1668 1522 facultas
1704 1471 1804 1520 est
1833 1471 2123 1522 vetustos
2156 1455 2410 1520 codices
2443 1457 2547 1520 in-

408 1561 718 1652 spiciendi
738 1610 757 1645 ‚
798 1579 865 1626 et
895 1562 1319 1647 emendandi,
1350 1585 1495 1650 quae
1522 1585 1720 1651 prava
1751 1579 1818 1627 et
1841 1579 2148 1650 corrupta
2167 1563 2300 1642 jam
2328 1562 2548 1652 legun·

408 1685 539 1733 tur.
566 1669 720 1735 Non
759 1669 937 1734 enim
970 1668 1110 1734 haec
1142 1685 1274 1734 tam
1308 1667 1514 1734 nitida
1559 1685 1690 1752 est,
1735 1691 1882 1757 quae
1919 1669 2003 1734 ad
2050 1692 2172 1733 nos
2217 1669 2546 1758 pervenit,

410 1795 605 1861 quam
636 1774 927 1854 ejusdem
960 1791 1061 1839 est
1089 1775 1299 1839 versio
1320 1777 1552 1839 Aratea
1571 1820 1591 1855 ‚
1624 1789 1749 1839 etc.

407 1994 623 2058 XXII.
660 1993 917 2060 HENR.
958 1995 1541 2077 DODWELLUS,
1588 1997 1656 2059 in
1689 1997 1857 2061 Diss.
1894 1996 1976 2060 de
2013 2012 2198 2060 aetate
2244 2012 2311 2061 et
2339 1997 2544 2085 patria

949 2097 1244 2186 Dionysii
1279 2098 1528 2189 Perieg.
1565 2105 1600 2181 S
1638 2099 1756 2181 25,
1789 2124 1854 2187 p.
1885 2099 1994 2178 43.

498 2293 802 2377 Avienus,
824 2293 1061 2359 Groecoe
1090 2295 1265 2359 vocis
1283 2341 1303 2377 ,
1330 2305 1622 2378 Πιριτὶγησις
1635 2342 1654 2371 ,
1679 2300 1888 2378 δΰνῖαμιν
1917 2318 2034 2386 per
2053 2295 2544 2385 Descrfi'vtl’onem

414 2399 593 2463 Orbis
625 2414 808 2464 ται-ω
837 2400 1329 2488 interpretatus,
1364 2423 1487 2465 suo
1517 2418 1734 2467 tamen
1769 2402 2072 2483 nomine,
2122 2426 2254 2467 non
2289 2403 2541 2491 Diony-

406 2504 519 2587 sii,
556 2505 902 2594 inscripsit.
954 2507 1032 2570 In
1088 2506 1224 2571 Ora
1266 2509 1590 2571 maritima
1636 2508 1934 2573 auctores
1985 2526 2312 2589 recenset,
2363 2508 2541 2573 unde

408 2632 523 2674 sua
553 2610 875 2692 hauserit,
904 2628 1094 2700 poeta
1128 2628 1357 2677 nostro
1383 2610 1754 2702 (Dionysio)
1779 2612 2164 2677 vetustiores
2185 2637 2204 2694 ς
2227 2612 2541 2678 Nostrum

404 2717 646 2782 scilicet
682 2716 1023 2808 indignum
1042 2766 1059 2795 ,
1089 2718 1291 2782 aetatis
1322 2742 1582 2800 caussa,
1607 2741 1912 2801 censens,
1943 2720 2058 2807 qui
2089 2720 2540 2785 vetustissimis

402 2839 867 2889 accenseretur.
900 2824 1130 2889 Obiter
1158 2826 1334 2889 enim
1364 2824 1672 2914 aliudque
1703 2847 1902 2915 agens
1936 2842 2255 2890 memorat
2275 2826 2538 2916 (nempe

267 2955 275 2963 -
404 2952 465 2994 v.
499 2928 689 3018 331),
710 2946 776 2995 et
806 2931 1075 3019 quidem
1108 2931 1380 3011 merito;
1401 2932 1646 3020 quippe
1678 2954 1796 3021 per
1828 2954 2060 3021 quem,
2092 2932 2160 2995 in
2189 2932 2320 2999 hoc
2345 2934 2539 2997 etiam

403 3058 631 3121 opere,
662 3034 1041 3124 profecerat.
1080 3038 1178 3101 lta
1210 3036 1528 3125 Dionysio
1555 3036 1853 3103 fraudem
1884 3038 2130 3103 nullam
2156 3036 2296 3103 fieri
2325 3039 2540 3103 existi-

404 3162 582 3205 mare
610 3158 913 3230 poterant
931 3190 951 3225 ‚
984 3159 1107 3209 etc.

752 3280 825 3350 (V
825 3280 897 3334 id.
923 3282 1141 3337 Testim.
1176 3282 1244 3337 de
1282 3282 1538 3337 Prisciani
1577 3283 1812 3355 Perieg.)

402 3506 645 3571 XXIII.
690 3504 807 3570 JO.
845 3504 1027 3573 ALB.
1061 3508 1532 3592 FABRICIUS,
1570 3509 1734 3573 Bibl.
1759 3508 1896 3573 Lat.
1933 3508 2045 3571 lib.
2079 3510 2178 3574 111
2201 3557 2220 3591 ,
2260 3534 2396 3602 cap.
2430 3536 2455 3577 1
2475 3537 2531 3596 1,

486 3622 519 3689 ς
548 3612 617 3693 3,
648 3634 795 3702 pag.
819 3613 970 3691 608,
1002 3614 1153 3680 edit.
1178 3615 1411 3703 prioris
1442 3616 1539 3703 (in
1569 3616 1930 3681 recentiore
1951 3616 2206 3683 Ernest.
2233 3618 2370 3685 haec
2397 3644 2530 3686 non

491 3718 850 3807 leguntur).

489 3892 805 3983 Adparet,
838 3897 1158 3960 Avienum
1182 3896 1374 3961 altius
1400 3919 1668 3987 surgere
1703 3897 2032 3962 Prisciano
2056 3947 2074 3980 ,
2107 3916 2173 3963 et
2213 3900 2430 3966 minus
2464 3906 2534 3967 in

406 4000 565 4083 hoc,
590 4021 789 4087 quam
826 4000 895 4065 in
932 4002 1071 4087 illo,
1116 4001 1291 4091 genii
1324 4024 1463 4068 esse
1500 4001 1756 4091 poetici.
1801 4001 2166 4069 Priscianus
2203 4027 2363 4070 vero
2399 4029 2532 4073 non
