2996 4685
753 396 884 464 DE
947 393 1589 463 CARMINIBUS
1653 393 2023 468 AVIENI.
2368 389 2459 464 33

421 528 505 617 11.
535 526 957 616 Metaphrasis
981 525 1354 612 Perkguseos
1377 523 1695 610 Dionysii,
1718 545 1863 611 quoe
1889 522 1959 586 in
1988 523 2461 612 antiquioribus

333 631 723 722 quibusdam
743 631 924 696 libris
961 630 1138 720 Shus-
1159 629 1379 708 OrbiS,
1414 629 1517 692 vel
1550 628 1841 692 Ambitus
1880 627 2102 708 Orbis,
2140 628 2209 692 in
2238 633 2487 693 recen-'

333 739 610 803 tior-ibus
637 738 1024 827 plerumque
1056 735 1428 800 inscribitur
1451 736 1802 823 Descriptio
1834 734 2019 800 Orbis
2050 749 2253 798 terroe.
2294 733 2467 800 Dod-

333 845 556 910 wellus
603 861 792 933 putat
827 842 954 931 (1),
1001 864 1210 930 quum
1260 843 1547 907 Avienus
1594 863 1865 930 groecam
1906 860 2131 906 vocem
2170 851 2463 921 Περι-έγησις

333 973 468 1015 non
501 967 790 1040 repetere
819 951 885 1012 in
917 950 1135 1013 fronte
1161 948 1346 1030 libri,
1367 945 1484 1012 sed
1510 949 1919 1036 interpretari
1942 949 2207 1036 propria
2233 949 2465 1013 inscri-

333 1057 586 1145 ptione,
624 1072 689 1120 et
719 1078 914 1119 suum
948 1076 1187 1119 nomen
1207 1102 1226 1136 ,
1265 1075 1400 1118 non
1435 1053 1763 1141 Dionysii,
1796 1053 2123 1143 adponere
2151 1055 2463 1136 voluerit,

332 1163 462 1226 boc
493 1185 571 1227 eo
605 1161 735 1227 fine
766 1161 992 1226 fecisse
1011 1207 1029 1240 ‚
1068 1176 1143 1225 ut
1176 1183 1243 1224 se
1279 1176 1612 1224 auctorem
1656 1161 1857 1250 magis
1890 1161 2238 1248 poematis,
2265 1182 2463 1250 quam
2544 1245 2551 1252 .

330 1269 750 1357 interpretem
793 1267 1144 1332 exhiberet.
1191 1267 1276 1330 Et
1319 1267 1454 1330 fere
1502 1267 1924 1330 consentiunt
1977 1267 2043 1330 in
2096 1289 2175 1331 eo
2226 1266 2461 1332 eruditi

306 1373 470 1454 -alii,
517 1389 592 1438 ut
635 1373 932 1438 Barthius
949 1421 973 1461 2
1007 1373 1308 1452 Vossius,
1358 1372 1787 1453 Ramiresius,
1836 1395 1969 1434 non
2021 1395 2160 1436 esse
2203 1396 2459 1438 carmen

329 1480 492 1544 illud
513 1502 754 1544 meram
779 1479 1380 1567 interpretationem
1416 1476 1737 1566 Dionysii,
1766 1476 1885 1541 sed
1908 1479 2247 1567 proprium
2266 1481 2463 1546 Avie-

331 1587 400 1651 ni
441 1608 640 1674 opuS,
679 1583 859 1673 quod
903 1584 1038 1668 ille,
1079 1585 1342 1662 materia
1383 1586 1727 1650 maximam
1775 1601 2025 1672 partem
2054 1597 2105 1648 ‘a
2149 1587 2463 1676 Dionysio

331 1709 610 1780 sumpta,
625 1715 748 1756 suo
775 1690 1108 1786 impendio
1131 1706 1328 1778 atque
1353 1689 1789 1754 instrumento
1816 1693 2221 1774 exstruxerit,
2239 1715 2467 1780 quam-

329 1797 424 1860 vis
457 1818 592 1860 non
625 1796 952 1860 defuerint
979 1795 1116 1875 alii,
1150 1795 1262 1882 qui
1300 1795 1666 1858 versionem
1703 1796 1995 1883 Dionysii
2034 1819 2171 1861 esse
2206 1799 2462 1886 impru-
2565 1823 2579 1830 ”

330 1901 561 1966 denter
591 1900 897 1965 dicerent.
927 1900 1184 1963 Etenim
1221 1921 1352 1962 non
1391 1922 1595 1987 pauca
1633 1901 1929 1988 Dionysii
1960 1925 2081 1982 suo
2112 1903 2327 1968 lubitu
2360 1906 2467 1970 ab-

325 2007 465 2090 jicit
495 2022 690 2096 atque
717 2004 990 2085 omittit,
1017 2005 1136 2068 alia
1169 2004 1370 2068 multa
1401 2003 1621 2084 adjicit
1651 2027 1731 2068 ex
1761 2006 2099 2100 aliis-forte
2132 2011 2462 2098 scriptori-

331 2113 456 2178 bus
491 2113 756 2191 hausta,
803 2111 1023 2174 omnia
1068 2132 1224 2173 vero
1270 2110 1438 2198 stylo
1484 2109 1851 2193 liberrimo,
1900 2129 1965 2176 et
2002 2115 2293 2179 oratione
2330 2133 2459 2180 tam

329 2217 660 2282 luculenta
690 2221 1046 2302 ornataque
1083 2214 1380 2302 exponit,
1427 2230 1503 2278 ut
1543 2214 1829 2303 legentes
1859 2235 2115 2305 poetam
2134 2269 2153 2301 ‚
2198 2242 2321 2285 suo
2357 2223 2461 2286 in-

329 2325 520 2413 genio
555 2323 935 2398 excitatum,
969 2321 1280 2387 eminenti
1319 2321 1606 2410 quodam
1650 2323 1879 2413 spiritu
1918 2326 2069 2390 ferri
2105 2326 2455 2395 videamus.

331 2431 410 2495 In
443 2450 576 2518 quo
607 2453 761 2495 sane
792 2429 1148 2518 plurimum
1180 2427 1402 2493 differt
1431 2452 1470 2491 a
1497 2430 2002 2519 Prisciano,equi
2042 2428 2285 2522 ubique
2316 2439 2463 2501 stri-

329 2537 495 2601 ctior
530 2550 596 2600 et
623 2536 986 2625 religiosior
1027 2536 1090 2597 in
1130 2533 1620 2621 interpretando
1656 2552 1789 2617 est,
1832 2560 1967 2601 non
2011 2556 2305 2626 poetam,
2342 2543 2459 2608 sed

331 2642 844 2707 Grammatioum
876 2642 1235 2731 professus;
1261 2663 1657 2730 quamquam
1690 2660 1757 2707 et
1791 2644 1901 2707 hie
1936 2647 2137 2711 multa
2166 2647 2461 2715 libertate

331 2769 490 2811 usus
527 2762 654 2827 est,
690 2763 768 2810 ut
819 2745 903 2808 ad
951 2746 1088 2825 ejus
1138 2745 1505 2834 Periegesin
1550 2746 1673 2833 .(in
1727 2748 2113 2834 praecedenti
2148 2753 2277 2817 vol.
2310 2754 2457 2843 En.)
2556 2748 2562 2755 ’

331 2854 730 2924 monuimus.
767 2852 1286 2942 Descriptionem
1326 2852 1522 2919 Orbis
1564 2871 1749 2919 terrae
1788 2872 1941 2921 ante
1976 2857 2175 2923 Oram
2208 2863 2456 2929 mariti-

330 2984 503 3026 mam
537 2983 674 3025 esse
699 2958 1122 3048 compositam
1145 3006 1164 3038 ,
1191 2959 1328 3047 ipse
1350 2958 1647 3023 Avienus·
1668 2978 2016 3044 memorat,
2046 2981 2245 3053 atque
2268 2968 2455 3034 istam

329 3070 483 3133 citat
505 3068 574 3131 in
599 3069 712 3134 Or.
733 3089 891 3130 mar.
920 3088 979 3130 v.
1013 3082 1088 3153 71
1115 3088 1248 3154 seq.
1279 3064 1406 3129 Sed
1431 3065 1549 3153 qui
1575 3066 1745 3131 hanc
1774 3068 2292 3158 Descriptionem
2326 3076 2457 3163 pri-

330 3195 514 3241 mum
547 3172 844 3237 omnium
875 3171 1104 3237 Avieni
1139 3193 1411 3259 operum
1445 3171 1679 3253 fuisse,
1712 3196 1923 3261 eoque
1956 3176 2241 3243 tirocinii
2273 3179 2457 3244 rudi-

325 3294 622 3343 mentum
659 3279 739 3341 ab
775 3300 854 3341 eo
887 3278 1170 3366 positum
1205 3278 1557 3359 existimat,
1596 3280 2095 3368 Cannegieterus
2110 3283 2243 3373 (α),
2280 3285 2456 3352 haud

327 3382 529 3449 dubie
570 3383 846 3463 fallitur,
887 3386 954 3445 et
993 3382 1216 3456 verba,
1260 3403 1298 3446 e
1336 3383 1575 3470 quibus
1619 3383 1747 3447 boc
1786 3386 2062 3473 colligit,
2110 3388 2295 3454 initio
2332 3392 2459 3457 De·

327 3489 694 3578 scriptionis
727 3487 904 3552 orbis
937 3488 1177 3575 posita,
1211 3489 1370 3553 falso
1403 3488 1901 3577 interpretatur:
2466 3476 2469 3481 ¹

620 3707 632 3719 .
655 3706 668 3717 .
689 3712 700 3720 .
726 3701 1654 3721 ...........................
1686 3669 2069 3743 Oceanumque

609 3755 870 3809 Carminis
899 3754 1224 3825 auspicium,
1254 3756 1487 3825 primum
1522 3768 1837 3822 memorate,
1868 3758 2123 3814 Camena.

399 4032 477 4099 (ι)
514 4030 578 4081 In
613 4028 751 4082 Diss.
779 4028 848 4083 de
871 4041 1022 4082 atate
1045 4030 1304 4101 Dionysii.

400 4142 478 4209 (a)
516 4132 736 4191 Dissert.
763 4138 849 4192 eit.
878 4158 988 4210 cap.
1022 4158 1070 4210 7.
1174 4158 1180 4163 ·

579 4244 662 4311 V.
681 4262 686 4267 ·
2122 4244 2165 4315 3
