2996 4685
472 380 608 451 272

1227 354 1307 419 R.
1359 352 1431 417 F.
1483 350 1841 418 AVIENI

564 482 728 548 Fors
769 476 948 571 rapit
985 489 1252 545 exactos
1287 474 1545 567 patria:
1583 484 1766 540 tenet
1802 496 2069 565 aequora
2106 471 2325 564 campi
2538 496 2615 532 m

560 592 742 660 Gens
777 586 1298 671 Camaritarum,
1329 585 1450 679 qui
1489 597 1643 679 post
1670 583 2043 653 certamina
2078 582 2417 655 Bacchum
2444 637 2464 667 ‚

559 699 789 771 Indica
821 697 1242 767 Bassaridum
1281 719 1492 790 quum
1536 694 1813 763 duceret
1859 696 2130 789 agmina
2168 694 2408 777 victor,

567 817 898 904 Accepere
936 808 1106 878 casis
1131 860 1152 895 ‚
1190 827 1589 899 mensasque
1625 802 1871 872 dedere
1912 806 2153 897 Lyaeo:

560 920 772 1016 Orgia
806 918 1110 990 ludentes
1145 931 1215 987 et
1250 915 1527 985 nebride
1562 930 1833 1011 pectora
1864 914 2071 983 cincti

557 1031 914 1136 Deduxere
947 1031 1224 1116 choro8‚
1253 1027 1506 1122 Nyssaei
1539 1024 1799 1097 ludicra
1831 1025 2021 1095 ritus.

564 1148 707 1215 Hos
749 1165 950 1235 super
987 1140 1056 1207 in
1102 1137 1346 1209 fluctus
1379 1136 1683 1231 adsurgit
1716 1136 2244 1231 CaspiaTethyS.

657 1258 817 1323 Haec
856 1248 1136 1321 dicenda
1168 1248 1374 1336 mihi;
1425 1272 1551 1317 nec
1586 1247 1715 1314 diri
1746 1247 2031 1341 gurgitis
2066 1270 2360 1341 unquam

465 1431 740 1485 vadianus
773 1430 870 1479 huc
903 1428 1020 1479 olim
1056 1423 1223 1478 edidit
1263 1442 1363 1497 pro
1396 1425 1490 1475 lu'c.

534 1509 659 1566 885.
678 1506 857 1578 Vulgo
881 1522 896 1557 τ
928 1510 1026 1557 Ceu
1047 1522 1193 1573 vaga
1222 1522 1352 1570 εει-ρο
1376 1508 1492 1553 Fors

465 1594 593 1658 rapit
606 1601 813 1642 exactos
829 1606 849 1637 .·
868 1588 1030 1639 Ρνίηια
1051 1598 1200 1635 tenet.
1227 1580 1332 1635 Sed
1355 1600 1490 1655 pre-

465 1668 605 1723 cedit
631 1687 682 1721 ν.
698 1666 824 1732 881,
839 1670 1000 1733 Asper·
1017 1666 1222 1715 Hiberus
1249 1665 1340 1713 Hic
1363 1664 1490 1731 agit.

467 1747 736 1802 Nimirum
749 1744 802 1797 in
822 1742 1028 1798 Isthmo
1048 1741 1160 1795 duo
1178 1740 1363 1815 populi
1381 1759 1491 1793 me·

461 1840 740 1883 morantur
759 1844 786 1878 a
801 1822 1059 1895 Dionysio
1073 1862 1088 1889 ,
1115 1822 1294 1875 Iberes
1314 1832 1364 1873 et
1383 1822 1490 1875 Ca·

460 1909 660 1963 maritae
674 1927 725 1961 v.
746 1909 867 1977 697.
887 1904 1055 1975 Igitur
1070 1902 1306 1973 ineptum
1327 1899 1394 1955 de
1413 1920 1490 1955 se-

459 1988 640 2045 cundo
651 1988 812 2057 primi,
831 1995 890 2037 ut
905 1981 1020 2035 vult
1037 1980 1208 2035 Huds.
1221 1991 1311 2035 aut
1326 1984 1486 2049 prima

461 2068 654 2123 dicere.
686 2063 894 2119 Deinde
925 2060 1060 2115 nihil
1085 2060 1255 2114 simile
1281 2059 1484 2133 Diony·

453 2149 577 2201 sius.
601 2146 685 2199 Ne
711 2142 878 2197 multa
899 2180 914 2207 ,
940 2138 1222 2213 legendum
1252 2146 1369 2192 Fors
1397 2160 1482 2190 m-

445 2232 528 2295 pit
555 2238 762 2277 exactos
793 2224 964 2291 patria
980 2240 1000 2272 .·
1030 2221 1192 2289 prima
1231 2232 1281 2272 et
1315 2222 1484 2289 poeria

452 2324 584 2360 num
613 2300 831 2358 confusa
855 2299 1013 2365 alibi,
1032 2298 1233 2352 neseio.
1257 2297 1362 2354 Sed
1376 2318 1480 2368 pa-

451 2389 548 2440 en'a
562 2384 696 2438 liber
713 2380 898 2436 Ambr.
916 2376 1112 2432 Similis
1133 2390 1308 2431 autem
1332 2379 1482 2434 locus

453 2468 548 2520 Or.
567 2480 759 2517 manv.
777 2459 904 2514 135:
924 2482 947 2503 ι
965 2457 1292 2530 Liguresque
1307 2458 1448 2528 pulsi
1463 2496 1481 2522 ,

453 2557 515 2599 ut
550 2561 687 2616 saepe
719 2541 851 2594 Fors
877 2536 1084 2612 aliquos
1106 2537 1215 2609 agit
1231 2577 1247 2603 ‚
1268 2537 1480 2590 Venere

453 2628 507 2680 in
564 2624 661 2680 ista
677 2646 720 2675 ι.
765 2626 962 2688 Vagam
1007 2619 1278 2688 fortunam
1345 2615 1478 2672 dixit

452 2707 669 2767 Cicero,
704 2700 893 2756 Milon.
935 2717 984 2752 e.
1031 2715 1111 2770 ²7·
1137 2698 1299 2752 scus.
1321 2729 1387 2738 —
1411 2697 1476 2752 In

452 2789 656 2841 Veneta
711 2793 765 2836 et
811 2779 1086 2834 Pithoeana
1139 2777 1216 2832 sie
1273 2787 1472 2832 exstat:

451 2873 569 2920 Fors
583 2865 711 2933 rapit
721 2876 944 2915 exactos.
951 2863 1114 2912 Pn'nm
1127 2872 1260 2910 cenet
1271 2877 1476 2925 oequora

449 2947 640 3014 campi.-
656 2960 764 3013 qua
785 2941 1008 2994 lectlone
1021 2979 1038 3004 ‚
1050 2937 1176 3010 quia
1196 2953 1378 2990 versus
1401 2935 1476 2990 la-

449 3027 606 3082 borat
619 3063 635 3089 ,
647 3019 932 3076 Hudsonus
944 3017 1168 3071 correxit
1186 3018 1332 3068 Ρήηιί
1344 3030 1478 3068 tenet

452 3121 660 3176 oequora
703 3101 882 3168 campi.
915 3095 1019 3154 Sed
1047 3095 1208 3168 Cusp.
1252 3107 1305 3148 et
1334 3095 1471 3150 vad.

449 3187 608 3262 plane
641 3180 795 3236 aliter
836 3196 960 3252 cum
1007 3173 1306 3230 Schradero
1341 3195 1472 3230 con-

447 3265 767 3322 sentientes:
810 3264 928 3311 Fors
967 3260 1098 3325 rapit
1134 3269 1339 3308 exactos
1383 3277 1474 3324 pa-

447 3351 575 3400 rtia:
595 3356 728 3396 tenet
761 3357 966 3408 «equora
1005 3337 1169 3404 campi
1203 3339 1335 3388 Gens
1372 3339 1474 3387 Ca-

451 3428 750 3478 mat-itonam.

519 3497 638 3550 886.
667 3497 798 3545 Gens
829 3490 1201 3556 &maritat-rem.
1225 3485 1314 3537 Sic
1343 3485 1472 3538 scri.

447 3575 612 3650 psisse
627 3573 885 3625 Avienum
905 3565 1136 3620 dubitari
1161 3583 1271 3617 non
1296 3563 1469 3618 debet.

445 3659 648 3708 Docent
691 3650 796 3702 hoc
845 3647 1009 3718 Dion>
1023 3646 1131 3698 sius
1175 3643 1372 3715 pariter
1419 3655 1472 3698 et

447 3733 611 3788 Prisc.
637 3729 741 3783 682
757 3766 774 3792 ‚
790 3724 1101 3778 Ammianus
1123 3723 1282 3776 etiam
1303 3723 1470 3776 Marc.

447 3813 605 3868 xxu
627 3848 642 3873 ‚
669 3810 702 3862 8
721 3844 736 3868 ,
761 3823 818 3878 p.
849 3810 980 3867 241:
1011 3829 1034 3848 ιι
1053 3803 1175 3856 Post
1203 3801 1314 3854 haec
1342 3821 1472 3854 con·

447 3893 574 3948 finia
599 3883 988 3943 Camaritarum
1018 3880 1140 3953 pagi
1177 3894 1300 3934 sunt
1331 3882 1472 3935 cele-

447 3978 629 4029 bres..
651 3967 859 4020 Nomen
881 3960 1040 4014 etiam
1063 3961 1300 4032 καμάραι,
1329 3960 1474 4015 uude

450 4049 760 4126 Καμμρίταιε
788 4041 913 4097 vide
937 4040 1108 4096 strab.
1140 4060 1198 4113 p.
1228 4041 1332 4111 758
1351 4078 1367 4106 ,
1409 4040 1469 4094 B.

448 4149 502 4189 et
529 4130 598 4188 ad
623 4145 746 4182 eum
772 4121 998 4176 Casaub.
1017 4120 1184 4173 Tacit.
1204 4120 1338 4174 nint.
1358 4119 1440 4172 111
1455 4157 1471 4182 ,

1582 1438 1672 1501 47,
1717 1440 1771 1483 et
1813 1428 1883 1483 ad
1927 1447 2047 1482 eum
2090 1430 2219 1483 Ern.
2267 1430 2489 1485 Salmas.
2534 1432 2606 1484 ad

1578 1512 1748 1582 Spart.
1776 1508 1941 1563 Hadr.
1971 1514 2091 1563 διο.
2120 1510 2387 1564 Cisterum
2417 1512 2607 1569 Cama·

1578 1590 1705 1647 ritas
1748 1607 1907 1643 nemo
1940 1588 2381 1661 Geographorum
2418 1604 2607 1662 preter

1578 1668 1925 1741 Dionysium,
1949 1686 2108 1739 quem
2153 1682 2409 1741 sequutus
2452 1683 2601 1743 puta-

1578 1759 1664 1799 tur
1691 1746 2030 1808 Ammianus,
2053 1760 2327 1800 memorat.
2356 1748 2604 1803 Scan.—

1578 1826 1619 1877 F
1622 1826 1769 1879 usius
1786 1824 1854 1879 de
1873 1824 2155 1879 Camaritis
2173 1826 2257 1897 egi
2285 1825 2339 1879 iu
2362 1826 2603 1881 Excursu

1576 1904 1645 1959 ad
1673 1905 1839 1959 Prisc.
1874 1907 1994 1975 687.
2014 1902 2351 1961 W.-Gem
2382 1910 2604 1958 Camari-

1576 1998 1757 2036 tarum.
1804 1982 1915 2037 Hos
1962 1996 2067 2037 tres
2091 2001 2275 2038 versus
2318 1985 2395 2038 sic
2442 1985 2604 2059 plane

1576 2061 1827 2118 describit
1853 2062 2081 2131 Caelius,
2102 2062 2181 2116 uti
2209 2082 2309 2118 nos
2336 2064 2424 2118 hic
2451 2064 2600 2118 exhi·

1573 2143 1777 2195 bemus.

1645 2224 1766 2291 889.
1796 2223 1949 2291 Orgia
1974 2224 2199 2273 ludentes
2216 2220 2302 2273 Ad
2327 2220 2443 2276 hoec
2466 2240 2597 2275 oon-

1572 2300 1649 2356 fer
1668 2319 1719 2354 v·
1745 2300 1907 2355 1003:
1938 2325 1961 2348 ιι
1980 2299 2115 2354 ritus
2136 2300 2332 2354 Iaccho
2354 2300 2601 2366 Luditur‚

1568 2391 1727 2451 atque
1798 2379 1958 2434 sacris
2034 2380 2229 2434 feriunt
2304 2379 2596 2434 ululatibus

1567 2458 1865 2524 athi-amu
1905 2473 1957 2513 et
1980 2479 2031 2513 v.
2060 2461 2229 2529 1349:
2262 2461 2364 2512 -Et
2390 2462 2596 2533 glebam

1566 2539 1774 2592 sulcant
1814 2551 1867 2591 et
1910 2538 2099 2592 ritibus
2140 2540 2289 2611 orgia
2340 2539 2595 2594 ludunt».

1636 2618 1756 2687 890.
1793 2621 2058 2670 Dedan-en·
2087 2622 2276 2671 chorus.
2303 2618 2403 2671 Vs.
2428 2635 2594 2672 1002:

1562 2723 1589 2744 u
1609 2696 1827 2750 Maeouis
1864 2697 1953 2750 hic
1990 2697 2149 2751 etiam
2186 2696 2403 2751 deducit
2434 2699 2597 2752 turba

1562 2775 1781 2829 choreas
1790 2801 1832 2830 ι.
1846 2777 2263 2844 scum—Nysae·
2278 2777 2442 2850 Cusp.
2458 2777 2595 2832 vad.

1562 2853 1699 2907 Pith.
1748 2855 1811 2906 ln
1862 2857 1929 2906 A.
1983 2859 2201 2922 Nyssan'
2250 2873 2363 2910 esse
2414 2871 2597 2911 monet

1559 2933 1779 2988 Schrad.
1808 2931 1971 3006 idque
2000 2934 2176 2988 facere
2204 2955 2305 3008 pro
2332 2938 2591 3008 scriptura

1561 3015 1780 3078 Nyssa-i,
1813 3031 1979 3084 quam
2026 3015 2229 3086 recepit
2284 3013 2591 3068 Hudsouus.

1557 3092 1775 3146 Nummi
1805 3102 1984 3146 tamen
2011 3092 2212 3146 habent
2241 3095 2479 3148 Νυσαίων.
2522 3127 2594 3136 -—

1560 3172 1685 3224 Haec
1722 3171 1900 3224 omnia
1937 3170 2007 3224 de
2044 3171 2320 3227 Camaritis
2358 3173 2593 3245 neglexit

1560 3249 1871 3305 Priscianus.
1910 3250 2144 3305 Tantum
2180 3251 2376 3306 habet:
2417 3272 2590 3326 «gens

1560 3343 1664 3398 est,
1690 3331 1958 3385 carissima
1979 3330 2252 3385 Baccho».
2275 3333 2378 3384 Eu.

1634 3411 1755 3480 891.
1802 3417 1861 3464 In
1894 3415 2085 3484 spectus
2134 3415 2359 3480 adsurgit
2415 3415 2591 3479 Ctsspe'a

1562 3493 1754 3556 Tethys.
1791 3490 1879 3545 Sic
1918 3490 2071 3564 Virg.
2113 3489 2309 3562 Georg.
2342 3491 2421 3552 ΙΙ,
2456 3493 2591 3544 160:

1559 3581 1678 3635 -te,
1701 3569 1823 3622 Lari
1852 3569 2109 3636 maxime,
2131 3581 2287 3641 teque
2314 3569 2590 3622 Fluctibus

1559 3662 1611 3703 et
1640 3649 1859 3702 fremitu
1884 3648 2174 3722 adsurgens
2190 3687 2205 3711 ,
2227 3651 2458 3711 Benace,
2482 3667 2595 3702 ma·

1558 3730 1680 3783 rino
1701 3754 1743 3781 ι.
1764 3726 1948 3782 Horat.
1977 3730 2158 3783 carm.
2178 3729 2262 3795 ΙΙ,
2279 3749 2311 3799 9
2329 3768 2345 3793 ,
2368 3729 2433 3782 3:
2457 3755 2479 3775 ι
2497 3740 2591 3781 aut

1562 3827 1706 3860 mare
1755 3807 2011 3882 Caspium
2047 3809 2258 3861 Vexant
2304 3808 2592 3882 inequales

1560 3886 1807 3962 procellat
1834 3887 2019 3959 Usque
2037 3911 2077 3940 ι.
2100 3888 2256 3942 Scan.

1635 3969 1757 4035 892.
1783 3971 1891 4018 Nec
1924 3969 2025 4018 din·
2050 3969 2259 4036 gurgitis
2276 4007 2290 4029 ,
2316 3979 2367 4020 et
2394 3986 2446 4019 v.
2474 3985 2586 4039 seq.

1564 4067 1653 4097 nec
1704 4065 1873 4113 vagus
1935 4049 2095 4097 orbem
2160 4045 2359 4100 habeut
2423 4047 2585 4115 Cusp.

1561 4125 1701 4177 Pith.
1742 4124 1908 4178 Huds.
1944 4123 2037 4178 sed
2070 4123 2209 4178 vad.
2246 4125 2453 4196 scripsit
2486 4145 2583 4176 non
