2996 4685
1140 456 1632 525 CARMINA.

2303 457 2448 555 629

526 682 661 749 111.
716 680 800 767 Q.
844 682 1393 751 CICERONIS
1455 684 1588 749 DE
1645 685 1790 751 ΧΠ
1853 684 2258 757 slohum

428 904 759 974 FLumfflA
800 926 999 972 verna
1038 904 1215 973 cient
1256 904 1538 973 obscuro
1584 902 1832 973 lumine
1872 906 2131 992 Pisces-3

430 1007 993 1103 Curriculumque
1030 1013 1221 1081 Aries
1260 1028 1482 1106 aequat
1519 1015 1866 1106 noctisque
1905 1014 2165 1108 diique:

431 1122 697 1189 Cornua
736 1145 933 1213 quem
970 1138 1247 1193 comunt
1280 1124 1524 1191 florum
1555 1126 1930 1219 praenuntia
1956 1128 2198 1211 Tauri;

429 1229 769 1323 Aridaque
809 1232 1055 1301 aestatis
1095 1234 1366 1302 Gemini
1406 1235 1770 1327 primordia
1808 1235 2148 1329 pandunt3

431 1343 799 1433 Longaque
836 1340 977 1434 jam
1020 1343 1267 1411 minuit
1307 1342 1660 1436 praeclarus
1699 1344 1952 1415 lumina
1988 1348 2287 1430 Cancer3
2440 1370 2462 1406 ⁵
2527 1353 2534 1359 ’

430 1449 995 1545 Languificusque
1030 1457 1167 1523 Leo
1212 1455 1455 1547 proflat
1498 1454 1678 1525 ferus
1718 1480 1834 1523 ore
1877 1454 2147 1523 calores.
2373 1438 2380 1447 ⁸

434 1562 593 1629 Post
635 1561 971 1631 modicum
1017 1566 1318 1656 quatiens
1341 1566 1553 1660 Virgo
1589 1565 1778 1661 fugat
1814 1580 1961 1635 orta
1997 1590 2334 1661 vaporem.

436 1674 766 1741 Autumni
810 1690 1055 1743 reserat
1096 1690 1356 1769 portas,
1388 1692 1738 1771 aequatque
1773 1677 2014 1747 diurna

435 1784 765 1875 Tempora
803 1787 1149 1852 nocturnis
1192 1786 1503 1880 dispenso
1541 1786 1752 1856 sidere
1788 1788 2032 1874 Libra3

437 1892 524 1959 Et
562 1892 728 1961 fetos
768 1918 984 1961 ramos
1022 1894 1316 1965 denudat
1352 1892 1617 1964 flamma
1644 1899 1880 1991 Nepai.

437 2002 633 2096 Pigra
670 2004 1149 2097 Sagittipotens
1182 2005 1517 2095 jaculatur
1554 2006 1803 2101 frigora
1851 2006 2079 2075 terris:

442 2116 688 2181 Bruma
732 2112 887 2208 gelu
929 2114 1223 2207 glacians
1250 2115 1493 2208 jubare
1529 2117 1736 2210 spirat
1778 2115 2197 2208 Capricorni.

416 2309 440 2336 *
467 2307 576 2364 Hos
614 2328 799 2364 versus
835 2330 889 2364 se
925 2312 981 2365 in
1016 2310 1361 2383 Lugdunensi

344 2389 481 2443 libro
506 2403 712 2445 tantum
746 2392 927 2463 legisse
961 2392 1157 2445 adserit
1180 2394 1361 2444 Burm.

344 2469 499 2522 Certe
542 2483 747 2524 constat
780 2473 855 2522 M.
902 2473 966 2526 T.
1018 2473 1326 2526 Ciceronem
1347 2512 1362 2537 ,

346 2547 509 2598 multa
551 2550 920 2619 conscripsisse
966 2553 1203 2602 carmina
1247 2571 1363 2624 quae

348 2624 723 2678 interciderunt
741 2663 757 2688 ,
784 2627 877 2679 sed
910 2628 980 2692 Q.
1006 2631 1119 2700 ejus
1148 2631 1367 2682 fratrem

347 2705 401 2756 in
457 2705 665 2775 poetica
718 2706 877 2758 fuisse
930 2718 1195 2758 versatum
1221 2747 1237 2772 ,
1303 2726 1367 2760 ex

348 2783 435 2836 his
472 2795 676 2838 tantum
720 2787 957 2838 versibus
992 2785 1207 2858 adparet
1229 2826 1244 2850 ‚
1275 2787 1369 2857 qui

348 2864 607 2918 hactenus
654 2865 886 2918 Ausonio
940 2865 1068 2918 false
1124 2863 1373 2934 adscripti

352 2955 519 2996 erant.
542 2943 647 2996 Eu.

426 3043 473 3074 2.
524 3028 715 3092 Diique.
768 3025 911 3077 Male
969 3023 1025 3084 in,
1089 3022 1372 3094 exemplari

354 3106 504 3155 dicia.
530 3107 717 3171 Dieque
742 3103 947 3176 legebat
973 3103 1215 3156 Heinsius
1236 3143 1251 3167 ‚
1278 3103 1371 3156 sed

353 3183 615 3236 Ausonius
632 3182 688 3234 in
715 3183 997 3256 Eclogario
1019 3225 1033 3250 ,
1059 3182 1126 3236 de
1149 3183 1372 3238 Ratione

353 3263 560 3326 dierum
580 3299 595 3324 ,
632 3282 711 3316 vs.
736 3282 767 3334 7
788 3282 801 3316 τ
843 3290 868 3310 ι
896 3276 1109 3336 equata
1134 3273 1367 3332 tempora

354 3343 521 3395 noctis
558 3352 715 3414 atque
755 3342 871 3396 dii»
892 3382 907 3406 ,
951 3341 1042 3394 ubi
1068 3340 1189 3394 vide
1212 3339 1371 3392 Tollii

353 3434 525 3474 notas.
552 3421 658 3486 En,

428 3501 475 3552 3.
504 3503 723 3562 cornuae„
737 3501 967 3570 Scaliger
990 3501 1107 3552 vult
1125 3502 1371 3560 condunt,

356 3581 481 3652 quia
520 3579 669 3632 Aries
707 3581 949 3632 veniente
978 3579 1160 3631 Tauro
1193 3576 1373 3631 condi-

358 3671 463 3711 tur.
490 3659 591 3711 Eu.

430 3739 482 3792 5.
502 3744 656 3789 Praec.
678 3741 864 3789 himina
889 3742 1094 3791 Cancer.
1124 3739 1191 3790 N.
1220 3737 1376 3789 Hein-

360 3815 467 3869 sius
506 3816 731 3888 margini
764 3817 854 3870 ed.
880 3817 1115 3870 Tornaes.
1154 3816 1377 3868 Ausonii

358 3895 643 3966 legendum
664 3897 874 3970 scripsit
898 3901 1120 3964 prolatus
1148 3895 1230 3950 vel
1243 3917 1375 3964 μνω-

360 3994 535 4036 varus,
568 3987 619 4030 et
656 3975 723 4029 de
762 3975 903 4028 varis
929 3975 1121 4030 Cancri
1150 3975 1381 4028 brachiis

360 4054 631 4108 intellexit.
658 4055 759 4108 En.

432 4139 487 4188 6.
564 4137 990 4206 languificusque.
1067 4139 1377 4206 Langm'ficos

365 4215 605 4276 Heinsius
628 4227 681 4268 et
711 4213 942 4268 Pithoeus
960 4256 975 4281 ,
998 4215 1147 4270 bene.
1172 4216 1273 4268 En.

1533 2332 1582 2383 7.
1620 2318 1737 2363 Post
1761 2314 2000 2363 modicum
2034 2315 2282 2378 quatiens.
2312 2314 2478 2364 Modi-

1460 2413 1568 2445 cum
1611 2392 1742 2466 quid
1771 2393 1858 2445 hic
1885 2391 1979 2455 sit,
2009 2411 2116 2443 non
2147 2391 2292 2444 videt
2311 2392 2481 2445 Vine-
2585 2445 2588 2454 ,

1461 2486 1572 2539 ωε,
1595 2487 1646 2526 et
1670 2473 1856 2526 melius
1887 2473 2172 2534 convenire
2198 2482 2351 2543 putat
2377 2491 2481 2522 mo-

1462 2557 1596 2604 dium
1625 2552 1709 2604 vel
1734 2556 1932 2620 spic-usn.
1963 2551 2240 2622 Virginem
2284 2551 2482 2622 quippe
2543 2565 2549 2572 '

1456 2631 1710 2684 celestem
1727 2629 1972 2684 nonnulli
1990 2629 2255 2694 Cererem,
2268 2630 2482 2698 frugum

1456 2713 1650 2772 Deam,
1699 2726 1812 2760 esse
1860 2707 2240 2760 existimarunt.
2281 2705 2482 2759 Eadem

1461 2787 1628 2857 Virgo
1655 2786 1709 2837 in
1738 2804 1940 2837 summa
1969 2784 2174 2837 sinistra
2203 2803 2367 2837 manu
2393 2785 2488 2838 ha·
2582 2849 2590 2854 .

1458 2867 1548 2920 bet
1581 2865 1790 2921 stellam
1827 2863 2056 2926 claram,
2098 2881 2216 2934 qnoe
2263 2863 2446 2930 Στάχυς
2469 2904 2483 2927 ,

1398 2965 1405 2974 ·
1460 2943 1564 2998 hoc
1590 2957 1668 2997 est
1687 2985 1702 3008 ,
1729 2949 1865 3010 spica
1881 2984 1898 3008 ‚
1932 2941 2354 3014 cognominatur.
2383 2945 2484 3011 Spi-

1459 3045 1566 3075 cum
1590 3034 1777 3086 neutro
1804 3039 1994 3092 genere
2015 3021 2239 3074 Veteres.
2269 3041 2486 3094 quoque

1461 3102 1648 3156 dixisse
1675 3100 1944 3174 quondam
1973 3102 2179 3153 Nonius
2204 3101 2488 3155 Marcellus

1460 3183 1688 3253 scripsit.
1719 3182 1821 3234 En.

1532 3280 1581 3330 9.
1610 3265 1852 3330 Dispenso
1883 3263 2054 3310 sidere.
2083 3258 2485 3312 Emendandum

1460 3343 1740 3410 dispensam
1757 3378 1772 3399 ‚
1822 3358 1882 3391 ex
1931 3351 2063 3390 noto
2107 3337 2199 3390 illo
2241 3337 2484 3409 Virgilii:

1464 3445 1487 3466 ι
1503 3421 1666 3472 Libra
1701 3418 1774 3472 dii
1803 3418 2082 3489 somnique
2106 3435 2264 3488 pares
2291 3419 2384 3470 ubi
2411 3419 2487 3471 fe-

1464 3500 1598 3553 cerit
1618 3499 1834 3552 horas».
1859 3497 1964 3550 Eu.

1541 3599 1622 3632 10.
1646 3579 1863 3647 chems.
1878 3575 2088 3629 Tullius
2109 3575 2256 3650 malit
2272 3576 2485 3646 Efferus,

1464 3677 1694 3730 namque
1727 3659 1836 3728 jam
1867 3653 2101 3726 decerpti
2127 3667 2250 3706 sunt
2279 3655 2362 3708 vel
2394 3655 2489 3710 de-

1464 3736 1705 3790 ciderunt
1720 3757 1735 3802 ;
1763 3747 1904 3788 certe
1930 3734 2026 3805 qui
2047 3733 2248 3786 viribus
2276 3745 2491 3788 careant

1465 3817 1534 3870 ad
1555 3815 1742 3869 alenda
1766 3815 2016 3868 folia.En.

1544 3915 1624 3948 ιη.
1651 3901 1834 3946 Bruma
1857 3897 1975 3961 gelu
1993 3895 2244 3962 glacians.
2265 3891 2496 3964 Scaliger

1470 3977 1598 4046 legit
1641 3979 1834 4042 spirans
1852 3993 1872 4024 .·
1914 3973 2010 4026 sed
2047 3972 2124 4025 sic
2163 3991 2342 4026 versus
2381 3991 2492 4026 non

1470 4053 1667 4108 mendo
1722 4063 1892 4106 vacat.
1937 4051 2156 4124 Optime
2207 4050 2486 4104 Heinsius:

1470 4159 1491 4180 ιι
1517 4136 1710 4188 Bruma
1731 4134 1854 4203 gelu
1879 4132 2139 4202 glaciante
2157 4131 2315 4202 jubar
2333 4131 2495 4203 spirat

1468 4212 1778 4285 Capricorni
1809 4238 1854 4265 ι.
1891 4213 2133 4283 Denique
2171 4213 2340 4264 Janus
2367 4211 2495 4266 Hel-
