2996 4685
477 346 616 432 364

1232 348 1316 412 R.
1367 346 1440 411 F.
1495 344 1842 413 AVIE-NI

563 467 848 541 Hemodi
889 468 1100 534 victor
1135 464 1527 535 conscendit
1564 464 1829 533 verticis
1880 489 2093 549 arces,

567 579 1002 672 Effusamque
1041 576 1182 648 solo
1223 589 1488 672 gentem
1526 573 1761 669 procul
1796 574 2087 667 adspicit
2118 600 2425 643 omnem:

567 693 712 758 Ima
750 689 898 783 jugi
939 688 1258 757 exstantis
1292 685 1571 780 vestigia
1612 686 1877 779 gurgite
1916 702 2178 753 canent.

2506 724 2521 746 ι
2532 710 2615 747 3⁸0

567 800 821 868 Oceani
859 799 986 868 Eoi
1023 811 1348 893 praetento
1379 796 1666 890 denique
1706 796 2005 865 Bacchus

561 910 837 1004 Litore,
877 925 945 979 et
978 925 1273 978 extrema
1307 922 1641 977 terrarum
1678 907 1893 975 victor
1928 906 2001 974 in
2036 930 2185 990 ora,

569 1018 779 1088 Ducit
816 1018 1182 1113 laurigeros
1220 1032 1372 1113 post
1409 1015 1645 1087 Indica
1682 1014 1857 1084 belia
1896 1017 2299 1111 triumph05‚

569 1129 788 1223 Erigit
828 1143 896 1197 et
931 1129 1224 1223 geminas
1257 1125 1515 1196 telluris
1552 1126 1687 1194 fine
1726 1125 2107 1213 columnam,

474 1334 678 1387 Avieno
690 1332 796 1387 dici
811 1334 1067 1405 potuisse,
1079 1332 1351 1395 adfirmat,
1369 1333 1494 1403 quia

473 1410 618 1482 nigri
635 1424 851 1483 propter
863 1411 1094 1465 colorem
1109 1409 1494 1482 inauspicatum

475 1501 528 1543 et
557 1488 858 1543 ominosum
895 1494 996 1542 diri
1025 1501 1170 1543 recte
1223 1487 1496 1543 dicantur.

473 1568 699 1640 Suincit
710 1570 886 1623 locum
898 1570 1103 1623 Lucani
1114 1570 1235 1636 ,lib.
1247 1568 1356 1634 1‚v.
1370 1571 1402 1620 6
1413 1567 1496 1619 15:

478 1672 501 1693 ι
524 1647 792 1701 Diffusum
819 1648 980 1702 rutilo
1013 1650 1221 1720 nigrum
1254 1666 1354 1718 pro
1383 1664 1501 1699 san-

476 1726 636 1797 guine
670 1727 814 1779 virus
833 1752 857 1771 n
875 1766 892 1793 ,
921 1727 1013 1779 ubi
1046 1745 1240 1798 magno
1273 1743 1501 1779 numero

477 1804 688 1861 codices
712 1806 946 1861 habeant
969 1812 1162 1869 dirum,
1183 1808 1334 1879 cujus
1359 1806 1498 1877 glos-

478 1903 588 1937 sam
609 1904 722 1940 esse
737 1898 891 1958 putat
909 1890 1120 1956 nigrum.

554 1965 704 2034 1378.
740 1970 975 2019 Hemonii
1007 1970 1172 2017 victor
1203 1966 1346 2019 Ven.
1381 1970 1501 2017 Hee-

479 2048 636 2096 modit'
655 2046 820 2117 Cusp.
853 2048 1054 2097 Emodii
1083 2045 1251 2097 Ortel.
1291 2048 1504 2095 Hemodi

479 2122 617 2176 vad.
645 2128 829 2175 Emodi
847 2124 984 2177 Pith.
1012 2135 1065 2175 et
1089 2122 1262 2175 Huds.

557 2221 578 2253 1
588 2203 707 2271 379.
733 2204 1056 2270 Efficsamque
1066 2206 1174 2253 salo
1187 2215 1378 2269 gentem
1393 2202 1501 2271 :tsic

479 2299 664 2333 omnes
697 2279 819 2333 edd.
849 2280 944 2333 sed
981 2300 1090 2333 non
1131 2278 1356 2333 dubium
1387 2296 1501 2346 est,

477 2359 624 2431 qnod
661 2358 886 2412 Schrad.
916 2361 972 2412 in
1003 2360 1116 2412 sch.
1152 2360 1404 2431 conjicit,
1431 2362 1503 2414 le-

479 2437 714 2508 gendum
741 2456 854 2492 esse
888 2441 1212 2508 Effiesamque
1243 2443 1348 2490 :010
1363 2461 1380 2490 .·
1407 2442 1501 2510 qui

421 2551 428 2556 -
479 2530 656 2570 tamen
705 2518 800 2570 ubi
839 2521 986 2570 simul
1020 2521 1232 2586 adspicit
1259 2517 1370 2570 vult
1402 2539 1501 2591 pro

469 2602 652 2665 procul
681 2600 916 2665 adspicit,
947 2597 1004 2650 id
1047 2598 1223 2652 minus
1273 2598 1503 2668 probare.

479 2695 694 2749 possum
703 2717 716 2732 .
725 2680 1080 2750 Prooealpotius
1089 2691 1292 2732 rectum
1302 2691 1503 2748 aptum-

478 2775 585 2828 que
603 2776 745 2821 esse,
765 2776 828 2810 ex
865 2759 1134 2812 simillimo
1173 2759 1292 2810 loco
1321 2757 1503 2811 Petro·

477 2835 552 2888 nii
571 2837 800 2910 perspici
821 2850 990 2908 potest
998 2838 1158 2905 ,Belt
1177 2838 1287 2890 Civ.
1309 2856 1356 2889 v.
1377 2855 1501 2908 279,

479 2915 572 2967 uhi
614 2917 938 2969 Discordiam
968 2917 1120 2988 fingit
1147 2917 1200 2969 in
1218 2917 1503 2988 Apennino

481 3004 658 3048 monte
679 2995 1004 3049 constitisse:
1039 3023 1063 3042 κ
1082 2996 1196 3046 Alta
1229 2997 1359 3066 petit
1385 3013 1505 3066 gra-

481 3073 630 3128 diens
648 3076 774 3148 juga
811 3073 1004 3126 nobilis
1026 3073 1324 3146 Apennini,
1345 3073 1501 3128 Unde

481 3173 665 3208 omnes
706 3165 874 3207 terras
913 3165 1076 3225 atque
1121 3152 1296 3204 omnia
1345 3152 1501 3206 litora

479 3247 650 3304 posset
669 3231 955 3305 Adspicere
973 3271 988 3297 ,
1010 3251 1074 3286 ac
1101 3245 1212 3286 toto
1237 3231 1502 3286 fluitantes

481 3315 612 3366 orbe
631 3324 868 3368 catervas
887 3337 936 3368 ι».

558 3392 708 3448 1380.
747 3400 859 3446 Ima
883 3397 1002 3462 jugi
1044 3395 1256 3460 vestigia
1293 3407 1496 3452 canent,

479 3475 534 3526 h.
553 3491 602 3524 e.
623 3492 754 3526 cana
773 3484 825 3526 et
847 3484 1124 3544 spumante
1153 3471 1380 3542 equoris
1406 3489 1503 3524 un·

481 3551 544 3604 da
567 3551 880 3619 adluuntur,
909 3565 966 3604 ut
999 3571 1050 3606 v.
1075 3556 1212 3615 624:
1240 3575 1264 3597 ι
1287 3549 1507 3604 tumidis

481 3651 536 3686 se
559 3631 802 3686 fluctibus
827 3631 992 3684 edunt
1012 3631 1218 3696 Insuloe,
1231 3642 1283 3684 et
1302 3630 1503 3683 inserto

480 3725 766 3766 canescunt
797 3709 1037 3782 undique
1072 3722 1232 3782 ponto
1257 3735 1300 3760 ιι.
1320 3709 1498 3762 Vesti-

481 3792 560 3860 gia
589 3808 686 3860 pro
708 3788 844 3860 pede
875 3790 958 3841 vel
989 3790 1256 3844 radicibus
1281 3790 1496 3843 montis.

481 3868 604 3920 vid.
625 3886 680 3920 v.
703 3871 797 3932 481
823 3879 874 3920 et
893 3869 1498 3939 844.W.—Iamajuga

481 3951 716 4000 exstantis
744 3945 879 4000 Pith.
905 3968 934 4000 e
962 3949 1097 4001 Ven.
1127 3956 1238 4000 Ima
1265 3953 1396 4018 juga
1429 3969 1497 4000 ea·

481 4029 630 4079 tantis
657 4027 821 4100 Cusp.
851 4033 962 4080 Ima
971 4031 1086 4098 jugi
1106 4031 1342 4080 exstantis
1362 4027 1498 4080 vad.

479 4119 525 4162 et
551 4105 720 4160 nuda.
742 4107 884 4179 quod
905 4108 1066 4160 etiam
1081 4107 1304 4178 conjecit
1319 4107 1492 4158 Ortel.

1582 1342 1635 1383 et
1657 1330 1896 1383 Withof.
1924 1330 2251 1396 Summajugi
2272 1328 2415 1398 conj.
2438 1324 2607 1379 Huds.

1580 1410 1675 1462 sed
1709 1406 2007 1462 infeliciter.
2030 1406 2181 1461 Idem
2213 1421 2395 1457 canent
2422 1409 2610 1457 Oceani

1581 1492 1683 1541 Boi
1698 1489 1810 1541 vult
1828 1490 2163 1560 conjungere.

1659 1565 1808 1620 1383.
1837 1568 1986 1616 Ducit
2012 1569 2283 1633 laurigeros
2292 1579 2410 1632 post
2430 1566 2609 1615 Indica

1584 1650 1713 1697 bella
1732 1648 2015 1713 triumphos.
2024 1645 2259 1699 Victoria
2270 1654 2323 1697 et
2337 1644 2611 1713 triumpho

1583 1726 1777 1778 Bacchi
1797 1724 1989 1778 Indico
2006 1723 2147 1777 nihil
2172 1724 2317 1796 apud
2340 1736 2515 1795 poetas
2530 1742 2610 1777 ce—

1582 1804 1854 1857 lebratius.
1886 1803 2132 1855 Meminit
2154 1801 2316 1857 ovid.
2344 1802 2475 1855 Met.
2500 1804 2609 1865 IV,

1588 1903 1685 1947 ²03
1704 1884 1842 1937 Fast.
1869 1883 1974 1948 111,
1998 1882 2101 1947 465
2122 1902 2139 1947 ;
2162 1882 2293 1937 Stat.
2313 1883 2483 1935 Theb.
2507 1883 2613 1947 lv,

1588 1966 1713 2035 387,
1760 1977 1811 2017 et
1861 1964 2105 2035 inprimis
2146 1965 2239 2016 lib.
2270 1964 2431 2029 VIss,
2470 1964 2606 2033 237:

1588 2070 1610 2091 κ
1634 2045 1745 2098 Ceu
1781 2040 1943 2097 modo
1994 2043 2369 2115 gemmiferum
2421 2042 2611 2115 thywso

1584 2124 1867 2194 populatus
1890 2123 2181 2196 Hydaspen
2195 2160 2213 2184 ,
2238 2124 2484 2195 ansque
2506 2121 2609 2175 do-

1584 2220 1701 2255 mos
1716 2242 1733 2267 ‚
1756 2204 1895 2273 nigri
1920 2203 2113 2257 vexilla
2137 2202 2395 2275 triumphi
2424 2202 2610 2265 Liber,

1586 2293 1637 2333 et
1674 2282 1886 2352 ignotos
1928 2282 2143 2356 populis
2188 2280 2489 2335 ostenderet
2524 2282 2615 2333 In-

1586 2361 1684 2416 dos
1704 2389 1747 2416 ao.
1766 2363 1870 2415 Sed
1894 2381 2051 2416 nemo
2090 2362 2409 2416 luculentius
2436 2373 2489 2416 et
2518 2381 2611 2414 co·

1586 2441 1783 2512 piosins
1809 2441 2141 2512 triumphum
2176 2440 2369 2495 Bacchi
2408 2439 2611 2494 deacri-

1584 2521 1718 2592 psit,
1744 2539 1909 2593 quam
1940 2519 2189 2574 Sidonius
2216 2519 2389 2592 Apoll.
2428 2521 2613 2576 Can-m.

1586 2599 1761 2662 xxti,
1794 2597 1939 2671 quod
1968 2599 2174 2671 Burgus
2202 2599 2379 2652 Pontii
2404 2601 2615 2652 Leontii

1590 2679 1917 2733 inscribitur.
1950 2677 2183 2742 Quando
2202 2677 2433 2731 Avienus
2452 2682 2611 2731 taur-i-

1580 2777 1723 2826 gar-os
1756 2757 1951 2810 Bacchi
1978 2756 2279 2828 triumphos
2306 2769 2488 2824 vocat,
2510 2777 2609 2811 ne·

1586 2836 1695 2890 scio
1720 2856 1792 2891 an
1819 2837 1943 2892 satis
1970 2835 2299 2890 considerate
2320 2837 2609 2910 scripserit.

1585 2917 1722 2970 Nem
1758 2915 1955 2968 Bacchi
1990 2915 2199 2977 omnia,
2230 2935 2417 2970 currus
2444 2929 2496 2969 et
2529 2935 2613 2970 nr·

1584 3014 1671 3048 ma
1686 3031 1701 3057 ,
1724 2995 1958 3066 pampini
1980 3032 1996 3058 ,
2014 2995 2152 3048 vites
2180 3006 2234 3048 et
2258 2995 2467 3050 hederae
2490 3013 2607 3048 am·

1585 3075 1773 3138 biunt,
1804 3093 1915 3126 non
1962 3075 2117 3127 lauri.
2154 3075 2265 3128 Etsi
2310 3075 2365 3126 in
2394 3075 2609 3128 Homeri

1582 3153 1788 3226 hymno
1829 3153 1997 3208 altero
2036 3154 2091 3206 in
2134 3154 2443 3220 Bacchum,
2473 3172 2607 3221 V.9,

1586 3241 1745 3304 Κισσῷ
1778 3233 1863 3286 καὶ
1902 3231 2063 3302 δάφνῃ
2100 3236 2465 3304 πεπυκασμένος
2480 3273 2495 3296 ,
2532 3237 2615 3284 lee-

1586 3317 1709 3364 ἀει-α
1736 3316 1885 3366 εἰηωὶ
1910 3329 1960 3364 ee
1986 3317 2130 3366 lauro
2162 3329 2365 3365 ornatus
2396 3312 2613 3379 dicitur,

1586 3393 1701 3444 hoc
1724 3405 1899 3446 tamen
1924 3393 2079 3444 unica
2108 3393 2245 3444 lauri
2270 3392 2469 3446 mentio
2500 3409 2611 3444 non

1592 3471 1874 3542 permittit,
1902 3483 1961 3523 nt
1990 3471 2267 3544 proprium
2300 3471 2495 3526 Bacchi
2519 3488 2609 3541 ge·

1592 3561 1799 3604 stamen
1879 3550 2254 3604 existimemus.
2330 3553 2611 3618 Triumpkos

1594 3629 1751 3682 ctiam
1801 3627 1949 3701 quod
1986 3629 2197 3683 Baccho
2246 3629 2458 3693 tribuit,
2506 3629 2613 3682 hnc

1589 3709 1935 3781 improprium
1982 3722 2089 3771 est,
2132 3727 2459 3781 quamquam
2502 3711 2611 3762 non

1588 3787 1747 3859 plane
1770 3787 2000 3842 insolens
2026 3788 2161 3841 aliis.
2190 3791 2325 3842 Nam
2352 3785 2421 3842 de
2450 3789 2611 3842 Achi-

1590 3869 1667 3921 vis
1698 3881 1751 3921 et
1786 3869 2184 3940 Agamemnone
2220 3875 2403 3922 Horat.
2435 3869 2608 3921 Cas-m.

1590 3948 1666 4013 11,
1698 3955 1841 4018 4,7:
1879 3973 1901 3992 α
1926 3949 2066 4002 Arsit
2100 3948 2309 4002 Atrides
2347 3947 2521 4002 metiio
2555 3947 2609 3998 in

1590 4027 1861 4098 triumpho
1884 4027 2105 4098 Virgine
2122 4039 2271 4098 rapta
2294 4051 2341 4078 ιι.
2364 4029 2459 4082 W.

1666 4109 1817 4169 1384.
1866 4111 2026 4174 Erupit
2070 4123 2115 4157 ee
2160 4110 2381 4173 geminas
2430 4110 2615 4160 telluris
