2996 4685
624 428 761 515 546
1373 421 1452 486 R.
1506 419 1575 484 F.
1626 413 1977 483 ΑνΙΕΝι

717 556 1044 644 Tempora
1077 544 1380 614 deculcat
1411 539 1727 608 maculosi
1762 559 1975 630 prona
2010 533 2371 602 Draconis.

1486 745 1863 794 Gonous-

812 893 1072 990 Poplite
1107 887 1404 960 succidui
1439 909 1572 979 qua
1612 881 1841 952 sideris
1883 878 2106 974 ampla
2150 879 2485 947 fatiscunt

715 1014 928 1102 Terga
950 1003 1645 1087 dehine‚mersumque
1662 993 1841 1086 jacet
1863 989 2144 1059 sublime
2172 989 2635 1056 humerorum
2652 1041 2673 1070 ‚
2704 1013 2768 1062 195

715 1117 956 1213 Aspice
989 1135 1109 1181 ceu
1149 1106 1363 1178 rutilis
1389 1104 1609 1173 vibret
1644 1101 1758 1170 lux
1788 1101 2040 1170 Gnosia
2072 1097 2399 1167 flammis:

719 1231 875 1296 Haec
911 1219 1246 1318 quondam
1287 1214 1528 1286 Bacchi
1560 1225 2069 1280 monumentum
2098 1206 2313 1301 fulget
2348 1207 2657 1293 amoris3

715 1341 873 1408 Haec
902 1329 1232 1403 Ariadnaei
1269 1325 1503 1419 capitis
1543 1335 1824 1390 testatur
1860 1319 2205 1387 honorem.

714 1448 919 1516 Trina
953 1459 1053 1512 ter
1089 1438 1422 1509 illustrant
1455 1434 1631 1502 hanc
1658 1431 1950 1516 lumina3
1978 1452 2263 1524 parsque
2300 1429 2613 1498 Coronae

717 1561 1100 1651 Serpentem
1133 1549 1350 1617 vicina
1387 1544 1599 1626 subit,
1634 1565 1766 1635 qua
1806 1537 1997 1608 sibila
2031 1540 2099 1607 in
2128 1543 2389 1608 Arcton
2698 1576 2766 1600 22,

719 1673 858 1739 Ora
892 1669 1115 1736 Draco
1158 1655 1487 1727 inclinans
1524 1652 1759 1722 stridet
1793 1650 2021 1718 flabris
2055 1647 2459 1742 Aquilonis3

715 1781 876 1848 Post
912 1790 1174 1866 tergum
1212 1767 1370 1838 Nixi
1414 1787 1569 1859 pars
1598 1760 1911 1846 volvitur,
1936 1783 2015 1826 ac
2041 1755 2221 1826 velut
2248 1755 2533 1825 haerens

716 1893 1004 1958 Rursum
1049 1877 1279 1950 defessi
1317 1887 1647 1944 reseratur
1688 1866 1927 1939 nuntia
1968 1869 2162 1962 signi.

1418 2085 1464 2130 o
1479 2085 1523 2130 P
1538 2081 1589 2128 Η
1606 2081 1628 2127 1
1644 2081 1691 2126 υ
1708 2080 1749 2126 c
1761 2081 1811 2126 n
1827 2079 1873 2126 U
1888 2079 1943 2125 s.

815 2250 1012 2317 Istius
1042 2258 1333 2313 extremo
1371 2237 1492 2307 sub
1524 2238 1767 2306 vertice
1792 2290 1811 2324 ,
1836 2237 2080 2304 vertice
2114 2235 2372 2328 quippe

719 2360 969 2430 Sideris
1005 2354 1258 2441 Innixi,
1291 2350 1544 2420 clarum
1584 2374 1819 2417 nosces
1855 2346 2311 2443 Ophiuchum.
2712 2367 2771 2403 m

719 2467 992 2538 Triccaei
1037 2463 1217 2532 sidus
1254 2472 1384 2529 stat
1417 2458 1743 2545 nominis,
1772 2473 1840 2527 et
1875 2458 1985 2526 cui
2020 2458 2253 2551 pingui

719 2580 946 2649 Thure
983 2560 1388 2670 Epidaureae‘
1417 2568 1684 2637 sumant
1722 2568 1953 2639 altaria
1993 2564 2183 2635 sedis,

723 2697 801 2761 In
849 2692 1050 2783 Styga
1088 2683 1380 2753 decursis
1414 2684 1777 2749 Parcarum
1824 2678 1907 2747 ab
1944 2676 2200 2771 origine
2247 2674 2421 2743 fusis

719 2804 1044 2871 Merserat
1078 2790 1518 2889 Hippolytum
1538 2815 1691 2858 -sors
1728 2788 1961 2858 ultima
1984 2812 2003 2873 3
2027 2786 2330 2881 jamque,
2369 2810 2506 2878 per
2540 2786 2717 2853 imas

722 2910 956 3004 Cocyti
992 2905 1300 2977 tenebras
1337 2916 1405 2970 et
1441 2914 1675 2993 stagna
1712 2898 2045 2993 nigrantia
2084 2897 2290 2979 Ditis,
2718 2931 2775 2957 m

722 3021 1019 3092 Portitor
1053 3016 1163 3086 ille
1201 3014 1474 3085 Charon
1502 3008 1805 3079 Thesidae
1840 3008 1977 3077 fata
2010 3005 2309 3075 vehebat.

721 3133 848 3202 Hic
886 3126 1223 3197 immaturi
1269 3120 1382 3191 sed
1417 3120 1598 3189 enim
1637 3120 1986 3188 miseratus
2020 3114 2331 3187 acerbum

723 3241 873 3312 Leti
909 3234 1349 3331 supplicium,
1384 3230 1822 3323 Neptunique
1858 3251 2089 3325 aspera
2117 3227 2336 3319 jussa,

721 3350 1036 3446 Algentes
1070 3360 1254 3415 artus
1287 3341 1510 3412 Erebo
1546 3337 1777 3436 procul
1814 3338 2052 3406 intimo
2084 3335 2171 3405 ab
2212 3358 2424 3427 usque

723 3459 1042 3543 suscitat,
1068 3472 1267 3548 atque
1306 3450 1544 3520 animae
1586 3472 1853 3517 rursum
1892 3444 2213 3539 tepefacta
2246 3442 2478 3515 calore

721 3572 994 3639 Viscera
1029 3562 1401 3633 mundanas
1436 3575 1705 3629 revocat
1742 3555 2109 3627 medicator
2152 3555 2221 3621 in
2256 3578 2431 3622 oras.

705 3802 820 3869 193.
840 3804 1073 3865 Tempora
1091 3800 1334 3847 deculcat.
1355 3792 1641 3859 Germ-69:
1732 3788 1833 3843 Ed.
1860 3788 1985 3841 Ald.
2016 3804 2296 3860 perperam
2344 3788 2576 3839 ffioeoei.
2604 3792 2773 3839 Τήωι

631 3908 653 3931 ι
671 3876 937 3951 Serpentis
951 3875 1111 3945 capiti
1126 3874 1240 3945 figit
1251 3872 1472 3943 vestigia
1487 3871 1644 3922 ·.En.
1731 3870 1861 3921 urbs
1894 3867 2008 3933 fuit„
2016 3867 2305 3921 Thessalia
2320 3904 2338 3929 ,
2362 3866 2459 3919 uhi
2490 3867 2771 3921 colebatur

701 3966 821 4029 194.
851 3962 962 4023 Qua
997 3955 1168 4003 sideris
1203 3956 1370 4021 ampla
1400 3952 1648 4021 fatiscunt
1733 3940 2081 4019 AEsculapius,
2126 3948 2205 3999 uti
2254 3964 2479 4017 quoque
2536 3947 2597 3999 in
2650 3946 2769 4017 Epi-

628 4048 788 4110 Terga
807 4037 998 4089 dehinc.
1015 4030 1188 4101 Vulgo
1197 4044 1476 4099 patescunt,
1501 4026 1645 4099 quod
1734 4026 1926 4080 dauro-
1968 4026 2122 4079 Cous.
2158 4024 2359 4097 Hygin-
2404 4026 2639 4079 Astron.
2690 4026 2767 4084 11,

619 4118 748 4174 ferri
765 4124 956 4191 potem
977 4129 1168 4182 sequor
1187 4122 1363 4161 tamen
1381 4108 1644 4161 Grotium·
1742 4112 1837 4171 143
1874 4103 2053 4157 Schol.
2086 4104 2337 4156 German.
2367 4102 2443 4156 nd
2472 4122 2557 4157 vs.
2586 4123 2658 4174 7¹
2682 4141 2699 4167 ,
2722 4115 2768 4155 et

706 4201 822 4253 206.
871 4192 1077 4245 Triccaen·
1110 4192 1243 4241 sidus
1281 4202 1380 4239 stat
1419 4188 1645 4238 nominis.
1736 4184 1905 4257 Heyn.
1923 4182 1994 4237 ad
2011 4183 2186 4256 Apoll.
2214 4182 2331 4247 111,
2366 4200 2464 4247 ιο,
2487 4184 2553 4249 3,
2572 4204 2629 4255 p.
2660 4184 2767 4237 103-
