2996 4685
453 445 460 452 ’
549 457 637 501 22
1039 430 1172 497 DE
1229 433 1311 498 R..
1371 429 1701 496 FESTO
1772 427 2179 497 AVIENO.

549 559 778 647 aequali
817 559 1042 621 Avieni
1093 557 1432 622 habendus
1487 558 1591 622 sit.
1646 545 1974 640 Quoniam
2027 557 2224 646 igitur
2274 579 2311 621 e
2365 561 2702 624 sententia

551 663 1002 752 Cannegieteri
1039 666 1322 727 Avienus
1376 663 1517 744 ille,
1552 685 1747 750 quem
1794 663 2051 728 Servius
2088 663 2157 726 in
2198 665 2699 730 commentariis

549 771 734 846 citat,
765 793 898 833 non
951 787 1048 834 est
1099 769 1242 850 ille,
1277 773 1565 857 quo'cum
1610 769 1783 857 apud
1821 767 2226 833 Macrobium
2264 771 2698 858 colloquitur,

550 874 664 940 sed
702 875 1052 962 antiquior,
1089 891 1155 938 et
1189 897 1309 939 nos
1344 876 1563 964 paullo
1596 891 1746 939 ante
1776 873 2157 957 docuimus,
2190 875 2456 940 Festum
2488 877 2697 940 Avie-

551 1005 710 1047 num
735 1031 752 1062 ,
782 983 1143 1047 carminum
1193 998 1521 1046 auctorem
1543 1030 1563 1062 ‚
1596 983 2029 1070 antiquiorem
2064 1005 2201 1046 esse
2232 981 2697 1066 Macrobiano,

549 1087 706 1150 hinc
742 1109 894 1167 nos,
925 1087 1060 1174 ipsa
1089 1087 1535 1174 Cannegieteri
1568 1087 1817 1150 ratione
1868 1085 2082 1167 ducti,
2110 1103 2282 1150 recte
2328 1087 2699 1152 existimare

547 1192 870 1274 videmur,
895 1215 1015 1281 pro
1053 1209 1279 1257 nostro
1304 1193 1555 1257 Avieno
1586 1191 1961 1257 habendum
1996 1215 2169 1275 esse,
2200 1215 2394 1280 quem
2428 1193 2702 1258 Servius-

549 1302 738 1382 citat,
765 1322 1160 1388 quamquam
1215 1323 1335 1364 nec
1385 1299 1515 1364 hoc
1572 1301 2077 1389 Cannegieterus
2132 1301 2485 1366 concedere
2508 1301 2654 1364 vult
2676 1350 2697 1382 ‚

546 1423 892 1495 propterea
931 1406 1111 1494 quod
1145 1409 1410 1471 Festum
1448 1408 1770 1471 Avienum
1806 1409 2118 1497 religione
2156 1407 2461 1496 gentilem
2482 1457 2501 1491 ,
2538 1408 2695 1472 Ser-

547 1511 812 1576 vianum
847 1512 1106 1576 Christo
1138 1511 1470 1577 addictum
1500 1513 1698 1577 fuisse
1724 1513 2103 1601 suspicatur.
2132 1514 2345 1594 Quam
2378 1513 2700 1602 suspicio-

549 1641 701 1681 nem
756 1619 1066 1706 quoniam
1121 1619 1244 1707 ipsi
1289 1619 1420 1699 jam
1473 1642 1667 1707 supra
1721 1619 2072 1699 diluimus,
2122 1617 2271 1683 satis
2328 1617 2691 1702 firmatam,

549 1724 767 1812 quoad
805 1724 942 1789 fieri
981 1726 1046 1788 in
1087 1725 1197 1788 tali
1235 1725 1500 1789 materia
1536 1739 1751 1813 potest
1773 1774 1791 1808 ,
1828 1725 2214 1789 sententiam
2266 1741 2553 1788 nostram
2604 1725 2693 1789 de

549 1845 734 1895 aetate
760 1831 991 1896 Avieni
1028 1847 1337 1920 putamus
1358 1880 1375 1913 ‚
1403 1826 1908 1919 qua'statuimus
1930 1880 1948 1914 ,
1974 1831 2409 1918 antiquiorem
2440 1831 2695 1894 Avieno

549 1937 926 2025 caterisque
959 1938 1245 2002 convivis
1275 1937 1707 2002 Macrobianis
1732 1962 1868 2003 esse
1890 1987 1908 2018 ,
1933 1937 2373 2025 eumdemque
2394 1937 2461 2000 in
2486 1936 2692 2002 Servii

548 2045 1032 2108 commentariis
1053 2044 1346 2125 citatum,
1368 2060 1433 2108 et
1449 2046 1615 2110 circa
1636 2045 1926 2110 medium
1951 2046 2167 2132 quarti
2185 2059 2334 2133 post
2351 2043 2687 2107 Christum

549 2148 765 2211 saeculi
811 2147 1106 2211 floruisse
1139 2149 1254 2235 (ι).
1302 2149 1529 2212 Plures
1572 2149 1655 2212 ad
1698 2151 1865 2213 hanc
1901 2164 2153 2212 aetatem
2191 2149 2421 2212 Avieni
2461 2147 2691 2212 confir-

549 2251 853 2316 mandam
881 2254 1162 2316 rationes
1193 2251 1705 2340 suppeditabunt
1728 2269 2019 2342 tempora
2045 2254 2403 2317 amicorum
2422 2254 2685 2334 Avieni,

549 2357 745 2423 Probi
777 2374 844 2421 et
873 2358 1187 2434 Flaviani,
1227 2357 1308 2421 de
1349 2358 1589 2445 quibus
1626 2357 1929 2445 deinceps
1962 2357 2287 2448 agendum
2326 2360 2465 2423 erit.
2592 2430 2599 2435 ,

641 2464 882 2527 Versus
917 2463 1190 2550 quintus
1225 2462 1611 2526 monimenti
1653 2464 1899 2527 Avieno
1948 2464 2140 2551 positi
2180 2463 2260 2527 de
2292 2463 2686 2528 carminibus

553 2571 690 2649 ejus
711 2560 1032 2657 loquitur,
1072 2568 1186 2632 sed
1227 2568 1538 2656 quoniam
1574 2567 1655 2633 de
1680 2570 1783 2633 his
1818 2586 2106 2634 extremo
2144 2570 2289 2634 loco
2323 2571 2533 2659 aptius
2566 2570 2691 2659 agi·

555 2692 902 2756 tur,·nunc
949 2675 1032 2739 de
1077 2674 1215 2755 ejus
1261 2675 1570 2765 conjugio
1612 2692 1678 2740 et
1719 2677 1957 2741 familia
2000 2676 2081 2741 ad
2126 2694 2383 2742 versum
2428 2692 2681 2741 sextum

554 2780 845 2845 dicemus
878 2804 892 2845 ε

831 2934 1100 3012 conjugio
1124 2937 1271 2990 lotus
1299 2936 1519 2991 Placido
1540 2977 1555 3004 ,
1578 2955 1910 3009 numeroque
1940 2937 2205 3011 frequenti

835 3026 1094 3079 Natorum
1120 3025 1403 3078 exsultans.

555 3206 892 3271 Plan-idam
931 3206 1227 3269 nominat
1253 3228 1525 3270 uxorem
1561 3228 1773 3287 suam,
1804 3228 1949 3293 quae
1987 3228 2114 3293 qua
2148 3224 2339 3296 gente
2380 3224 2445 3271 et
2486 3207 2689 3272 domo

552 3328 868 3401 prognata
919 3312 1151 3395 fuerit,
1205 3311 1456 3400 liquido
1513 3312 1835 3377 declarare
1890 3336 2166 3401 nequeo.
2236 3316 2309 3378 In
2358 3314 2687 3379 veteribus

554 3566 700 3621 rius:
733 3570 868 3639 Age,
894 3568 1072 3634 Servi,
1113 3586 1224 3621 non
1252 3567 1425 3622 solum
1453 3562 1893 3627 adolescentium,
1932 3560 2025 3631 qui
2055 3559 2149 3614 tibi
2174 3556 2393 3631 aequaevi
2416 3567 2565 3623 sunt,
2596 3555 2690 3609 sed

555 3672 742 3706 senum
768 3654 1010 3707 omnium
1041 3654 1489 3720 doctissime,etc.
1521 3681 1541 3699 -·
1568 3655 1635 3705 Et
1658 3652 1752 3705 lib.
1778 3653 1803 3703 Ι
1820 3690 1835 3717 ,
1858 3669 1971 3721 cap.
2000 3667 2029 3702 a
2054 3667 2069 3701 ε
2100 3675 2123 3693 «e
2142 3648 2255 3699 Hos
2280 3644 2523 3709 Servius,
2552 3645 2693 3697 inter

557 3741 946 3796 Grammaticos
974 3742 1251 3797 doctorem
1277 3762 1462 3795 recens
1491 3742 1781 3815 professus,
1814 3744 1966 3813 juxta
1990 3736 2289 3791 doctrinam
2316 3733 2602 3801 mirabilis,
2640 3746 2693 3787 et

557 3830 804 3883 amabilis
837 3832 1193 3897 verecundiae,
1229 3844 1422 3885 terram
1465 3833 1711 3903 intuens,
1749 3840 1800 3881 et
1839 3827 1986 3881 velut
2020 3824 2206 3877 latenti
2246 3822 2465 3891 similis,
2502 3842 2691 3897 seque-

555 3920 715 3973 batur
739 3947 781 3973 u.

629 4034 711 4099 (1)
743 4032 866 4099 Quo
893 4042 1051 4103 pacto
1075 4030 1273 4085 seriora
1293 4034 1436 4104 justo
1471 4043 1709 4105 tempora
1746 4030 1791 4081 ei
1836 4026 2135 4080 adtribuere
2165 4024 2376 4077 videtur
2416 4023 2689 4078 Fabricius

559 4119 613 4171 in
653 4118 788 4171 Bibl.
829 4120 945 4170 Lat.
989 4119 1080 4190 qui
1122 4137 1244 4171 eum
1283 4117 1571 4172 Theodosii
1602 4116 1860 4193 junioris,
1896 4112 2151 4166 Marciani
2176 4126 2227 4165 et
2256 4111 2445 4165 Leonis
2468 4111 2692 4164 Thracis

561 4206 890 4278 temporibus
925 4206 1176 4261 claruisse
1205 4206 1404 4259 scribit.
1465 4196 1476 4205 ⁸
