2996 4685
1265 434 1782 507 CARMINA.

552 551 904 646 Legicrepi
937 551 1232 621 tundunt
1252 608 1272 641 ,
1304 552 1548 624 latrant
1578 555 1753 643 fora,
1793 554 2065 629 classica
2092 560 2396 647 turbant,

550 665 639 731 Et
677 678 861 731 trans
899 665 1243 757 Oceanum
1277 663 1598 735 ferimur:
1636 688 1876 760 porr0‚
1905 692 2114 764 usque
2139 669 2406 739 nivosus

553 774 785 861 Quum
823 785 1047 842 teneat
1062 777 1317 862 VascO,
1350 800 1481 845 nec
1522 790 1756 869 parcat
1789 778 2128 847 Cantaber
2162 778 2457 849 horrens,

556 887 661 952 En
691 882 935 977 quibus
963 882 1217 953 indicas
1244 937 1264 969 ,
1290 900 1369 953 ut
1404 885 1658 955 crinem
1685 884 1961 956 frondea
1989 888 2223 958 Phoebi

552 994 995 1087 Succingant,
1026 994 1369 1064 hederaeve
1404 1020 1629 1065 comas
1657 997 2006 1090 augustius
2043 997 2377 1066 umhrent.

550 1107 653 1172 En
694 1128 860 1199 quos
901 1103 1351 1174 flammantem
1378 1104 1619 1199 jubeas
1655 1104 1928 1175 volitare
1974 1130 2097 1200 per
2129 1107 2431 1175 aethram.

555 1215 743 1304 Quin
786 1238 977 1309 mage
1011 1214 1312 1309 pernices
1355 1214 1608 1309 aquilas
1649 1216 1746 1284 vis
1786 1216 1977 1311 pigra
2021 1216 2446 1310 elephantum

556 1326 927 1393 Praecurrat
946 1376 967 1411 ,
992 1321 1462 1420 volucremque
1494 1326 1730 1419 pigens
1756 1326 2018 1396 testudo
2045 1326 2436 1413 molossum,

2438 434 2580 508 635

558 1433 783 1523 Quam
830 1458 953 1502 nos
996 1434 1338 1503 rorifluam
1376 1448 1706 1506 sectemur
1747 1426 2042 1507 carmine
2077 1442 2362 1509 Lunam.

554 1542 687 1614 Sed
714 1558 973 1629 tamen,
1001 1544 1319 1614 incurvus
1345 1570 1467 1640 per
1494 1545 1792 1640 pondera
1827 1562 2042 1617 terrea
2069 1547 2320 1632 nitens,
2537 1572 2584 1609 ‚5

554 1656 797 1724 Dicam
834 1678 956 1723 cur
994 1653 1167 1725 fesso
1210 1653 1482 1725 livescat
1517 1653 1808 1725 circulus
1853 1656 2053 1743 orbe,

554 1767 1111 1859 Purpureumque
1138 1766 1341 1858 jubar
1370 1765 1552 1834 nivei
1585 1789 1706 1834 cur
1735 1767 1958 1836 tabeat
1984 1768 2142 1835 oris.

554 1876 709 1945 Non
746 1872 927 1943 illam
953 1928 973 1960 ,
1014 1889 1091 1943 ut
1125 1871 1359 1970 populi
1400 1873 1718 1961 credunt,
1747 1876 2168 1970 nigrantibus
2203 1875 2410 1944 antris

559 1982 863 2052 Infernas
903 1981 1167 2053 ululans
1206 1982 1448 2052 mulier
1492 1984 1774 2078 praedira
1815 1985 1938 2053 sub
1977 1985 2245 2055 umbras

555 2093 873 2165 Detrahit
913 2092 1203 2190 altivago
1237 2119 1274 2162 e
1316 2092 1625 2189 speculo:
1674 2119 1798 2164 nec
1835 2095 2128 2165 carmine
2164 2096 2336 2163 victa

529 2292 583 2344 6.
609 2291 874 2360 Legierepi.
893 2289 1222 2346 Glossarium
1246 2294 1479 2362 legi-vere·

454 2389 525 2438 pa
546 2408 563 2434 ,
601 2366 873 2440 νομοδίφης.
912 2401 984 2412 ·—·
1016 2376 1265 2426 Tundunt.
1302 2374 1484 2424 Obana·

459 2453 589 2502 dune
614 2462 918 2503 correxerat
954 2449 1217 2504 Heinsius.
1255 2449 1342 2504 Sic
1376 2451 1484 2504 He·

458 2528 590 2580 lium
609 2527 961 2582 caussidieum
982 2534 1281 2582 clamantem
1299 2549 1490 2597 semper

460 2618 513 2659 et
545 2611 804 2678 agentibus
844 2611 1195 2676 obstrepentem
1231 2608 1483 2662 describit

460 2686 694 2741 Martial.
717 2688 744 2739 I
760 2725 777 2751 ,
807 2687 893 2755 95.
914 2717 983 2728 -—
1005 2688 1355 2756 latr-anesum
1370 2726 1385 2752 ,
1424 2696 1483 2737 ut

1649 2311 1730 2348 υ.
1769 2296 1898 2362 Quin
1946 2311 2096 2362 onage
2131 2294 2378 2360 pernices.
2445 2288 2589 2344 Uale

1571 2372 2018 2443 Suel-praeveniens
2029 2394 2047 2425 .-
2059 2370 2438 2426 ineoncinnum
2449 2368 2592 2424 enim

1569 2457 1872 2520 prm-eniens
1890 2465 2204 2525 procurrat,
2225 2462 2279 2504 et
2303 2448 2592 2522 elegantius

1569 2536 1846 2602 pernicibus
1867 2536 2048 2602 aquilis
2061 2531 2343 2605 opponitur
2357 2532 2438 2584 vis
2449 2533 2596 2599 pigra

1571 2617 1897 2680 elephantum.
1927 2613 2032 2664 En.

1649 2691 1727 2743 13.
1749 2695 1927 2761 Pigens
1949 2694 2158 2744 testudo.
2178 2687 2322 2754 Quia
2335 2687 2596 2759 precessit

462 2765 607 2838 apud
636 2765 797 2820 Ovid.
830 2765 887 2817 in
914 2764 1037 2818 Ibin
1057 2803 1075 2831 ,
1108 2771 1173 2829 14
1202 2782 1217 2818 τ
1257 2787 1281 2810 ⁸
1300 2765 1483 2817 Isau-nt
1563 2772 1716 2836 pigra
1736 2769 1920 2821 Heins-
1937 2766 2118 2821 mallet
2136 2769 2319 2835 rigens,
2344 2765 2430 2818 vel
2455 2764 2594 2817 forte

422 2869 433 2874 ·
463 2857 516 2898 et
540 2845 597 2898 in
622 2855 741 2898 toto
768 2845 931 2900 verba
960 2845 1147 2898 canina
1174 2845 1356 2898 foro».
1377 2845 1480 2897 En.

533 2943 584 2996 7.
608 2926 824 2977 Ferimur
841 2947 859 2976 .·
878 2943 1029 2994 porm
1044 2963 1061 2986 ‚
1102 2943 1257 2991 usque
1271 2926 1482 2978 nimus.

466 3006 595 3060 Hac
624 3003 939 3076 refingenda
974 3022 1037 3057 ex
1074 3003 1291 3056 meliore
1318 3023 1488 3059 exem·

446 3084 600 3158 pleri
621 3082 958 3138 Dorvilliano
980 3102 995 3136 :
1028 3109 1051 3130 a
1067 3084 1135 3137 Et
1152 3095 1297 3138 trans
1323 3087 1489 3141 Ocea-

466 3183 597 3217 num
614 3163 886 3229 vehimur,
906 3179 1201 3236 portusque
1222 3165 1435 3222 nivosos
1448 3193 1490 3218 -.

470 3244 627 3298 Forte
644 3254 821 3296 tamen
840 3254 1118 3315 prostaret
1140 3246 1410 3312 saltusque,
1432 3255 1495 3298 ut

477 3341 615 3394 sape
651 3320 791 3394 apud
831 3323 1051 3375 Veteres
1084 3323 1239 3372 salnes
1271 3325 1502 3389 Pyrenei

474 3402 743 3456 dicuntur.
782 3400 1157 3453 Meci-mannus
1183 3401 1498 3456 emendabat

470 3496 755 3550 montesque
776 3482 985 3533 nivosos.
1011 3479 1111 3532 En.

539 3580 589 3630 9.
630 3566 693 3612 Ue
728 3563 909 3610 crinem
922 3559 1153 3625 frondea
1178 3561 1340 3611 Phasi
1371 3563 1492 3612 Sue·

468 3645 691 3711 cingam.
712 3638 833 3692 Non
856 3637 1123 3692 eohnrent
1148 3637 1264 3692 hoc
1290 3637 1447 3693 verbs
1471 3677 1488 3703 ,

470 3733 523 3773 et
542 3722 769 3790 fmndea
793 3734 925 3771 voce
961 3728 1143 3772 carent
1160 3756 1177 3782 ,
1218 3736 1339 3772 cum
1382 3737 1485 3790 qua

466 3801 782 3871 jungentur.
798 3797 1043 3851 Heinsius
1071 3795 1443 3852 emendaverat
1468 3815 1483 3852 τ

475 3905 495 3926 ιι
522 3892 580 3933 ut
612 3879 813 3933 crinem
843 3877 1029 3932 fronde
1054 3877 1323 3952 Daphnea
1350 3877 1483 3933 Sn'c-

470 3960 707 4031 cingant,
721 3957 997 4012 hoedmve
1010 3985 1055 4012 n.
1073 3957 1252 4012 Prima
1262 3957 1317 4012 in
1332 3963 1500 4028 Daph-

470 4057 587 4090 noea
599 4049 865 4110 correpta,
879 4052 939 4092 ut
952 4038 1005 4090 in
1024 4038 1166 4091 Petr.
1179 4056 1224 4091 c.
1244 4057 1265 4091 1
1276 4043 1337 4100 41
1358 4056 1373 4090 τ
1389 4062 1412 4084 ι
1428 4037 1497 4090 Et

470 4118 649 4172 baccis
670 4116 916 4170 redimita
934 4117 1159 4189 Daphne
1179 4143 1227 4181 ι,
1249 4128 1300 4169 et
1315 4117 1497 4188 paullo

473 4208 587 4272 post
608 4216 621 4248 ε
656 4223 677 4244 ι
696 4198 865 4268 Atque
885 4197 1085 4250 urbana
1102 4194 1309 4248 Procne
1326 4220 1364 4248 ι.
1394 4196 1493 4250 En.

1572 2865 1761 2915 repens.
1788 2847 1891 2899 En.

1652 2933 1733 2992 14.
1781 2927 2048 2997 Ronfluam
2099 2937 2334 2977 sectemur
2376 2923 2595 2974 carmine

1577 3011 1780 3057 Lunam
1817 3005 1929 3058 Cur
1985 3005 2186 3075 roriflua
2244 3001 2333 3056 hie
2387 3000 2596 3055 diesun-

1578 3085 1753 3149 Luna,
1763 3096 1904 3138 recte
1915 3082 2139 3156 explicat
2152 3083 2454 3147 Turnebus,
2471 3079 2598 3152 qnia

1583 3177 1738 3218 nocte
1773 3183 1862 3217 ros
1905 3162 2046 3217 cadit
2068 3199 2084 3226 ,
2119 3162 2208 3234 qui
2255 3163 2420 3214 Luna
2455 3159 2600 3212 filius

1581 3244 1750 3316 poetis
1777 3242 2010 3314 fingitur.
2051 3241 2186 3294 Hinc
2221 3241 2277 3294 in
2318 3239 2504 3311 fragm.
2531 3257 2598 3291 ex

1583 3321 1764 3376 Ovidii
1785 3320 2149 3375 Phonomenis
2165 3357 2180 3382 ,
2204 3318 2348 3392 apud
2375 3317 2598 3371 Lactan-

1585 3403 1716 3456 tinm
1732 3443 1748 3468 ,
1769 3401 1865 3454 lib.
1885 3401 1960 3466 11,
1983 3417 2101 3471 cap.
2135 3397 2193 3452 5:
2224 3424 2249 3443 a
2269 3397 2424 3450 Clara
2450 3397 2597 3468 prui-

1585 3499 1724 3536 noso
1735 3480 1891 3553 jussit
1901 3477 2030 3532 dare
2050 3475 2250 3530 lumina
2273 3476 2418 3529 nocti
2435 3501 2479 3528 -.
2498 3477 2597 3528 En.

1658 3579 1738 3633 17.
1759 3566 2145 3628 stuprat-eumque
2167 3559 2336 3626 jubar.
2371 3555 2495 3608 Hoc
2529 3553 2598 3607 de

1581 3642 1740 3711 igneo
1787 3639 1872 3692 vel
1923 3655 2084 3690 aureo
2129 3635 2305 3688 colore
2355 3634 2600 3707 capiebat

1577 3718 1851 3785 Barthius,
1898 3735 2008 3790 quo
2048 3715 2186 3769 refer
2227 3715 2364 3768 illud
2399 3713 2601 3767 Tibull.

1577 3799 1679 3866 111,
1704 3805 1737 3863 4
1755 3836 1770 3862 ,
1797 3799 1865 3852 3ο
1883 3796 1970 3864 ,de
1998 3796 2126 3850 Sole
2145 3813 2160 3848 z
2179 3821 2206 3842 e·
2222 3794 2440 3848 Candor
2463 3805 2602 3854 erut,

1574 3877 1788 3950 qualem
1815 3876 2032 3949 profert
2064 3875 2282 3929 Latonia
2303 3876 2455 3927 Luna
2479 3909 2495 3936 ‚
2533 3871 2606 3925 Et

1587 3959 1734 4012 color
1759 3959 1814 4012 in
1837 3956 1990 4010 niveo
2010 3973 2228 4028 corpore
2243 3969 2542 4026 purpureus
2557 3975 2602 4006 ι.

1585 4039 1916 4111 Purpureum
1944 4054 2160 4109 quoque
2197 4032 2398 4086 vultum
2438 4031 2604 4084 Lunoe

1586 4117 1677 4172 dat
1703 4116 1944 4182 Ovidius,
1959 4117 2072 4168 Am.
2095 4115 2142 4181 1,
2170 4115 2224 4179 8,
2256 4131 2335 4165 n.
2361 4112 2459 4164 En.
2541 4163 2548 4172 ,

1659 4216 1738 4251 ²0.
1793 4198 2011 4248 Dee-ahie
2055 4196 2272 4261 altivago
2324 4211 2352 4243 e
2396 4194 2610 4260 speculo,
