2996 4685
835 366 1460 466 DESCRIPTIO
1512 367 1810 435 ORBIS
1861 368 2241 437 TERRAE.

2462 372 2598 469 317

563 486 821 557 Vellera
860 486 1216 571 desudant,
1251 484 1488 555 calami
1533 511 1724 555 coma
1761 486 2045 582 pullulat
2081 490 2279 577 almi,
2502 522 2604 559 ms

564 599 802 691 Gignit
835 598 1082 667 humus
1123 598 1402 683 casiam,
1435 612 1877 666 concrescunt
1918 614 2068 667 tura
2104 624 2227 693 per
2262 624 2488 695 agroS‚

562 712 929 803 Longaque
967 708 1266 779 fecundis
1304 707 1679 802 pinguescit
1715 707 2031 778 odoribus
2068 735 2207 779 ora.

469 973 527 1011 ut
565 959 682 1013 viro
727 974 836 1014 tam
880 962 1024 1014 bono
1066 973 1224 1033 atque
1277 960 1492 1015 erudito

469 1041 1042 1095 innotescerent—Hie
1065 1044 1243 1093 ladani
1257 1044 1362 1093 vim
1384 1045 1497 1094 Vel-

468 1126 572 1171 lera
611 1124 874 1173 desudant.
914 1120 1146 1174 Avienus
1187 1120 1257 1174 de
1299 1119 1494 1174 ladano

467 1201 670 1271 accepit
702 1198 839 1253 illud
874 1202 998 1264 θύον,
1028 1199 1172 1273 qnod
1201 1201 1357 1254 estin
1379 1220 1494 1254 ver·

465 1278 611 1333 sibus
655 1279 899 1351 Dionysii
942 1281 1046 1347 936
1089 1298 1200 1352 eeq-
1240 1279 1494 1353 quodque

467 1358 770 1413 Priscianus
789 1378 899 1411 non
919 1360 1072 1413 vertit
1087 1400 1104 1427 ‚
1123 1358 1218 1413 sed
1246 1359 1494 1414 Graecum

465 1438 708 1503 retinuit3
745 1444 977 1507 Namque
1033 1444 1148 1505 ele—ro
1199 1443 1494 1507 myrrhaque

467 1520 624 1585 viget.
665 1518 811 1571 Nihil
847 1519 902 1571 in
929 1519 1168 1572 versibus
1198 1519 1284 1573 his
1304 1518 1495 1572 Avieni

465 1608 544 1649 est
561 1635 576 1661 ,
595 1597 744 1669 qnod
763 1606 832 1668 τῷ
853 1600 947 1669 θύῳ
969 1597 1288 1670 respoudeat
1301 1610 1494 1671 preter

465 1681 644 1730 ladani
673 1681 801 1740 vim,
823 1691 878 1731 et
915 1696 1039 1733 sane
1075 1680 1179 1730 θύον
1218 1679 1292 1731 ita
1317 1678 1492 1731 vertit.

467 1756 572 1810 Sed
616 1776 782 1829 quare
821 1760 926 1811 θύον
965 1756 1254 1811 ladanum?
1273 1760 1494 1830 Legerat

468 1836 725 1902 Avienus,
757 1838 959 1891 Arabes
991 1836 1186 1889 ladano
1227 1838 1494 1909 precipue

467 1915 534 1969 ad
557 1916 764 1968 suffitus
788 1916 882 1969 uti.
901 1914 1038 1967 ilinc
1057 1917 1112 1967 τὸ
1130 1917 1234 1966 θύον
1254 1916 1493 1969 absolute

468 1995 700 2066 positum
743 1994 832 2048 hic
876 2014 976 2066 pro
1029 1993 1221 2048 iadano
1265 1995 1493 2051 Arabico

468 2074 841 2146 interpretatus
859 2072 1086 2127 videtur.
1108 2073 1407 2127 Herodotus
1424 2075 1494 2129 de

468 2153 659 2208 ladano
679 2153 911 2208 Arabiae:
935 2154 1174 2225 Χρήσιμον
1193 2150 1248 2205 δὲ
1269 2156 1314 2215 ἐς
1333 2154 1492 2207 πολλὰ

467 2242 560 2285 τῶν
599 2236 757 2306 μύρων
800 2234 913 2286 icti.
943 2234 1158 2304 Θυμιῶσί
1192 2252 1244 2285 τε
1283 2234 1494 2305 μάλιστα

447 2319 604 2386 ,τοῦτο
625 2304 841 2386 Ᾰράῧιοι.
863 2313 1058 2368 Graecis
1079 2314 1133 2366 τὸ
1157 2314 1263 2366 θύον
1281 2314 1494 2386 proprie

465 2393 636 2460 idem,
666 2393 812 2466 quod
857 2394 1090 2465 θυμίαμα.
1129 2393 1292 2459 Quod
1331 2395 1496 2466 igitur

469 2474 668 2526 Arabes
703 2471 895 2526 ladano
935 2472 1005 2525 ad
1033 2472 1254 2526 odorem
1295 2474 1493 2528 facien·

471 2550 602 2603 dum
639 2552 867 2604 maxime
902 2563 1201 2618 uterentur,
1233 2553 1339 2604 θύον
1383 2558 1496 2604 κατ’

471 2629 636 2696 ἐξοχὴν
672 2631 744 2682 ita
772 2629 973 2682 dictum
1011 2631 1231 2701 accepit.
1260 2630 1494 2684 Sanus.

469 2709 656 2762 Exere.
675 2709 808 2762 Plin.
827 2729 883 2781 p.
905 2710 1028 2777 669.
1048 2708 1100 2759 b.
1121 2709 1182 2761 C.
1202 2709 1338 2762 Plin.
1355 2709 1491 2777 ΧΠ,

475 2807 572 2858 17:
607 2814 633 2835 «ι
652 2788 844 2842 Arabia
873 2789 1167 2842 etiamnum
1209 2800 1261 2842 et
1301 2787 1496 2843 ladano

470 2867 748 2938 gloriatur:
781 2869 920 2922 sorte
945 2885 1178 2940 casuque
1204 2866 1307 2921 hoc
1333 2880 1386 2920 et
1411 2869 1496 2920 in·

469 2950 612 3019 juria
630 2949 748 3004 fieri
766 2949 944 3004 odoris
959 2987 976 3014 ‚
997 2950 1370 3016 (odoratorum
1389 2949 1498 3001 fru-

471 3027 670 3096 ticum)
703 3030 882 3102 pluree
918 3029 1236 3084 tradidere».
1269 3028 1410 3084 Wd.

548 3109 702 3161 1115.
739 3115 934 3162 Vellem
979 3113 1274 3181 deflendum.
1319 3111 1494 3164 Probo

474 3190 742 3246 desudant,
771 3188 920 3258 quod
953 3192 1014 3242 A.
1047 3190 1209 3244 habet
1227 3231 1243 3256 ,
1265 3203 1318 3244 et
1351 3187 1494 3244 unde

475 3263 653 3317 lleins.
681 3265 752 3318 ita
782 3267 1091 3322 emendarat
1115 3269 1185 3321 ad
1211 3269 1398 3322 Claud.
1426 3268 1494 3322 de

475 3346 543 3397 N.
573 3345 640 3396 H.
667 3357 718 3397 et
743 3347 812 3398 M.
835 3366 888 3398 v,
916 3353 1000 3415 96.
1035 3349 1278 3419 Amplius
1314 3361 1494 3401 tamen

475 3423 818 3479 considerans
857 3427 1030 3480 hiereo
1052 3427 1106 3478 in
1126 3445 1258 3480 voce
1281 3431 1492 3480 Vellera.

475 3523 542 3558 an
565 3506 677 3558 haec
695 3503 764 3558 de
781 3506 982 3579 πώγωνι
997 3506 1259 3574 (Dioscor.
1275 3508 1304 3557 I
1323 3544 1338 3570 ,
1359 3525 1381 3558 1
1393 3509 1496 3574 28).

475 3585 578 3639 Sed
599 3587 816 3640 sortasse
833 3587 1176 3641 scribendum
1196 3595 1386 3657 Iugera
1403 3589 1501 3656 difi-

460 3668 704 3735 fundunt.
727 3667 1176 3722 Suum—Plinius
1189 3708 1204 3734 ,
1222 3668 1260 3720 l.
1282 3667 1497 3733 XXVI,

479 3765 522 3796 a.
569 3749 636 3800 30
677 3748 890 3800 scribit:
925 3773 948 3794 ‹-
971 3745 1154 3800 Ledon
1203 3745 1501 3818 adpellat'ur

479 3825 640 3878 herba
653 3867 668 3892 ,
680 3847 742 3882 ex
761 3847 870 3900 qua
887 3826 1138 3881 ladanum
1151 3827 1211 3879 fit
1224 3828 1280 3879 in
1299 3830 1494 3898 CyprO,

481 3905 656 3957 barbis
674 3925 954 3978 caprarum
968 3907 1033 3962 ad
1039 3910 1382 3962 hau-escensu.
1395 3905 1501 3959 sed

479 4003 550 4038 an
590 3985 698 4038 huc
742 3989 1029 4060 respiciant
1050 3994 1240 4042 vellem
1279 3987 1503 4046 Avieni,

482 4064 658 4119 adhuc
684 4065 886 4120 dubito.
916 4069 1134 4123 Interim
1169 4085 1334 4138 quum
1363 4066 1505 4121 iada-

482 4163 608 4198 num
640 4146 800 4200 suerit
825 4148 1053 4217 gummi,
1072 4167 1131 4202 ex
1165 4147 1352 4201 frutice
1379 4146 1501 4200 ledo

1582 965 1863 1018 collectum
1881 999 1898 1025 ,
1920 962 2111 1033 vellera
2140 962 2287 1017 haud
2311 964 2607 1019 incommo-

1580 1041 1651 1096 de
1676 1042 2045 1113 intelliguntur
2066 1041 2135 1095 de
2154 1042 2265 1114 ipsa
2286 1043 2480 1108 herba,
2520 1048 2605 1097 vel

1583 1122 1721 1175 foliis
1749 1120 2112 1175 fruticis.Vid.
2141 1140 2217 1175 vs.
2251 1124 2376 1191 936.
2405 1124 2506 1177 W.
2532 1155 2603 1165 —-

1586 1206 1783 1255 Vellera
1805 1201 2085 1268 defundunt
2104 1202 2244 1255 Ven.
2265 1215 2319 1255 et
2346 1201 2488 1256 Pith.
2509 1203 2605 1257 sed

1580 1280 1861 1347 defundant
1886 1278 2049 1353 Cusp.
2079 1280 2227 1352 quod
2250 1282 2469 1353 adparet
2493 1302 2609 1337 cor-

1580 1372 1799 1430 ruptum
1816 1377 1929 1413 esse
1948 1378 2013 1412 ex
2027 1364 2292 1421 desudant,
2304 1372 2465 1432 atque
2477 1362 2607 1417 olim

1573 1440 1687 1511 jam
1707 1440 1852 1492 Cam.
1867 1437 1934 1491 ad
1954 1439 2116 1493 Prisc.
2136 1441 2239 1510 876
2252 1438 2403 1507 vidit,
2416 1440 2607 1495 edidit-

1580 1536 1685 1589 que
1698 1517 1839 1572 Vad.
1863 1516 2023 1571 Unde
2042 1518 2249 1571 nullum
2266 1518 2490 1573 dubium
2512 1534 2610 1587 est,

1581 1597 1657 1650 sic
1701 1596 2040 1651 scribendum
2090 1610 2141 1651 et
2176 1598 2457 1671 legendum
2495 1618 2609 1654 esse

1580 1674 1767 1743 hodie,
1792 1676 2055 1749 siquidem
2094 1677 2257 1731 verbo
2292 1696 2357 1731 eo
2390 1679 2449 1730 in
2491 1681 2608 1751 pari

1581 1756 1800 1810 materia
1828 1768 1995 1826 poete
2032 1756 2337 1828 frequenter
2364 1769 2606 1811 utuntur.

1580 1834 1706 1888 vid.
1736 1834 1886 1906 Virg.
1919 1834 2032 1887 Eei.
2067 1836 2169 1901 lv,
2206 1833 2309 1901 3o;
2348 1837 2606 1908 Calpurn.

1582 1914 1749 1979 v111,
1772 1930 1884 1983 773
1932 1912 2123 1967 Claud.
2164 1914 2324 1984 Nupt.
2371 1914 2511 1967 Hon.
2553 1928 2606 1968 et

1580 1993 1720 2047 Mar.
1745 2012 1795 2046 v.
1826 1996 1913 2063 96.
1936 1992 2050 2065 Ego
2078 1993 2265 2058 fateor,
2291 2003 2343 2045 et
2368 2010 2451 2047 me
2478 2014 2610 2066 quo-

1582 2071 1874 2125 dammodo
1896 2071 2101 2129 offendi
2121 2090 2250 2125 voce
2270 2077 2493 2135 Vellera,
2515 2094 2612 2127 un-

1582 2150 1649 2205 de
1678 2152 1988 2225 conjiciam,
2024 2171 2090 2204 au
2121 2152 2259 2205 forte
2301 2154 2499 2204 Vimine:
2531 2153 2608 2207 le-

1582 2229 1815 2303 gendum
1855 2230 1923 2283 sit
1940 2268 1957 2290 ,
2006 2229 2157 2302 quod
2199 2228 2383 2283 ladani
2429 2232 2609 2287 frutici

1582 2311 1869 2365 convenire
1906 2308 2132 2364 videtur.
2169 2310 2449 2366 claudian.
2490 2313 2527 2367 1.
2564 2332 2609 2367 c.

1582 2417 1607 2436 ο·
1624 2411 1725 2445 nec
1750 2393 1889 2445 sicca
1918 2391 2271 2448 frondescunt
2299 2391 2495 2446 vimim
2522 2413 2610 2446 co-

1583 2483 1665 2524 sto
1680 2495 1725 2523 ε.
1748 2502 1818 2512 -
1836 2474 2029 2523 ΟαΙαηιί
2064 2491 2206 2524 coma
2226 2477 2449 2540 pullulat
2475 2477 2611 2526 almt'.

1585 2548 1726 2603 Vide
1760 2569 1880 2624 qun
1920 2549 2219 2604 notavimus
2256 2550 2325 2604 ad
2359 2552 2611 2606 Prisciani

1585 2649 1635 2681 v.
1664 2630 1767 2701 878
1784 2669 1801 2696 ,
1838 2630 1953 2701 huj.
1980 2629 2158 2701 operis
2186 2642 2325 2684 nost.
2353 2642 2481 2683 tom.
2508 2632 2608 2697 IV,

1584 2727 1703 2780 pag.
1734 2708 1853 2778 377.
1886 2709 1991 2760 En.

1660 2806 1681 2840 1
1697 2806 1717 2841 1
1732 2790 1809 2839 16.
1829 2789 2157 2838 Concrescunt
2174 2799 2285 2836 cnm
2297 2825 2313 2847 ‚
2332 2787 2367 2840 i.
2383 2805 2429 2840 e.
2442 2789 2613 2842 multa

1585 2865 1768 2932 simul,
1794 2883 1896 2916 una
1913 2906 1930 2931 ‚
1964 2877 2238 2930 crescunt,
2278 2878 2339 2919 ut
2359 2885 2436 2920 vs.
2465 2867 2566 2931 484
2594 2889 2608 2920 ε

1585 2973 1609 2992 κ
1635 2945 1705 3000 ad
1734 2945 1956 2998 aethram
1992 2945 2355 2999 Concrescunt
2376 2946 2540 3020 Alpes
2559 2968 2611 3008 ,ς

1583 3038 1637 3078 et
1668 3045 1745 3078 vs.
1775 3026 1874 3078 361
1898 3043 1912 3077 :
1941 3050 1968 3070 «e
1992 3041 2170 3094 aspera
2194 3043 2453 3098 nusquam
2481 3026 2610 3078 Cul-

1584 3103 1725 3158 mina
1752 3116 2079 3176 consurgunt
2099 3127 2143 3154 a.

1664 3204 1686 3239 1
1702 3204 1817 3258 117.
1844 3189 2120 3252 Longaque
2140 3184 2383 3251 fecundis
2413 3185 2615 3252 pingue·

1582 3268 1677 3317 scie
1692 3267 1919 3316 odoribus
1936 3283 2043 3314 ora.
2062 3261 2307 3315 Heinsius
2329 3281 2476 3316 aura.
2496 3262 2579 3315 Sic
2598 3279 2613 3314 ε

1584 3373 1611 3393 α
1628 3345 1847 3416 pingues
1870 3343 1939 3396 ab
1955 3341 2181 3394 ovilibus
2201 3358 2341 3394 aurae
2364 3363 2412 3402 ι,
2438 3351 2489 3392 et
2516 3367 2539 3390 ‹-
2554 3361 2611 3394 se

1582 3425 1807 3497 pingues
1844 3434 1959 3475 tum
1994 3418 2225 3472 candida
2266 3417 2481 3472 flamma
2518 3439 2613 3491 per

1585 3523 1742 3558 auras
1768 3500 2035 3573 Explicuit
2051 3523 2074 3545 ι
2116 3498 2295 3551 Valet.
2332 3499 2413 3551 Fl.
2435 3499 2571 3552 VIII
2594 3539 2611 3564 ‚

1592 3593 1715 3654 247.
1744 3583 1857 3654 Ego
1880 3576 2289 3657 tamenvdubito.
2317 3583 2495 3648 Longa
2522 3599 2613 3630 ora

1588 3663 1777 3716 melius
1813 3659 2045 3724 dicitur,
2088 3675 2249 3731 quam
2280 3661 2437 3726 longa
2470 3678 2614 3709 aum.

1590 3743 1751 3794 Favet
1775 3740 1931 3793 etiam
1958 3745 2026 3810 τῷ
2045 3757 2135 3790 ora
2162 3737 2347 3790 Avieni
2370 3757 2421 3790 v.
2444 3739 2605 3792 1218:

1591 3847 1617 3867 ι
1634 3820 1801 3873 Attica
1824 3837 1931 3891 qua
1957 3817 2187 3889 pulchro
2214 3817 2368 3869 tellus
2397 3817 2611 3888 pingue-

1590 3900 1689 3954 scit
1706 3900 1859 3952 Ilisso
1875 3924 1917 3949 n.
1938 3899 2106 3953 801111.
2150 3926 2223 3937 —-
2269 3895 2609 3948 Manifestum

1591 3991 1669 4034 eat
1690 3998 1815 4030 aura
1840 3995 2118 4051 perperam
2147 3974 2445 4028 Schrader-o
2472 3973 2611 4026 Frie-

1592 4077 1905 4115 semannum
1946 4057 2204 4120 tribuere,
2240 4066 2299 4107 ut
2326 4055 2488 4107 muita
2515 4069 2615 4105 εω-

1592 4141 1828 4217 piuscuie
1852 4137 1973 4191 alia.
2004 4137 2103 4189 En.
