2996 4685
740 374 1350 444 DESCRIPTIO
1411 376 1713 445 ORBIS
1780 380 2155 452 TERRAE.

2380 410 2499 456 111

478 498 656 565 Arva
701 498 962 589 coquit:
1005 496 1244 566 sterilis
1283 498 1464 591 regio
1511 514 1640 587 est,
1676 516 1741 569 et
1778 502 2115 598 inhospita
2155 504 2283 576 late

479 611 639 676 Aret
685 608 964 693 hurum,
999 632 1324 701 cassaeque
1357 606 1501 676 solo
1544 624 1885 681 torrentur
1918 638 2154 684 arenae.

479 720 789 787 Oceanus
829 720 922 787 sic.
963 732 1202 786 cuncta
1243 742 1412 811 vago
1449 719 1916 813 complectitur
1945 740 2144 814 aestu,

479 827 798 921 Undique
843 830 936 898 sic
971 854 1145 905 unus
1183 842 1392 896 terras
1435 828 1829 900 interminus
1866 834 2101 922 ambit,

475 940 1010 1032 Innumerosque
1039 940 1222 1007 sinus
1253 954 1444 1025 cavat
1479 937 1907 1013 illabentibus
1942 946 2138 1015 undis
2460 975 2509 1026 ,ε

476 1048 820 1141 Desuper:
861 1075 896 1116 e
940 1048 1166 1117 multis
1211 1045 1454 1117 celebri
1496 1050 1622 1119 sub
1667 1055 1935 1122 nomine
1975 1070 2237 1126 tantum

377 1280 478 1347 339
494 1298 507 1333 :
529 1306 554 1327 α
570 1282 789 1334 ferventi
806 1300 970 1353 quum
987 1280 1245 1335 Mulciber
1261 1282 1392 1335 hau-

373 1370 483 1411 stus
515 1374 700 1431 operto
723 1362 906 1414 Volvit
931 1362 1204 1415 anhelatas
1235 1372 1396 1415 tecto-

373 1438 448 1490 ria
486 1459 580 1511 per
612 1460 738 1493 cava
774 1441 1018 1494 flammas
1045 1460 1108 1505 »3
1152 1442 1247 1494 ubi
1283 1441 1394 1495 vid.

373 1510 528 1565 Freh.
583 1514 836 1565 Dracont.
891 1512 1022 1566 Hex.
1069 1530 1185 1584 70:
1233 1538 1256 1561 α
1284 1532 1394 1566 non

371 1588 576 1643 fructus
609 1592 812 1645 anhelis
833 1594 1158 1646 Flammatus
1175 1592 1334 1647 radiis
1353 1618 1392 1644 ι.

368 1670 526 1725 Scan.

439 1768 522 1820 72.
541 1755 803 1820 Cassasque
829 1756 933 1805 solo
959 1769 1197 1805 torrentur
1207 1772 1390 1805 arenae.

372 1832 539 1881 Cassae
559 1852 733 1883 arenoe
757 1832 1132 1903 elegantissime
1157 1844 1278 1885 sunt
1297 1843 1392 1884 ste-

367 1910 515 1972 riles,
553 1923 611 1962 ut
636 1932 782 1962 cassa
803 1932 909 1963 nux
932 1912 1142 1974 dicitur,
1176 1913 1262 1966 cui
1291 1931 1390 1964 nu-

370 1989 511 2041 cleus
547 2008 704 2042 nemo
734 1992 903 2044 inest:
942 2004 993 2045 et
1021 2004 1237 2064 propter
1265 1990 1390 2044 talia

370 2068 626 2124 amandus
644 2068 732 2125 hic
753 2084 920 2141 poeta.
939 2076 1098 2125 Solum
1121 2084 1259 2126 terra
1281 2072 1389 2123 fru-

367 2148 528 2218 gifera
549 2188 564 2212 ‚
595 2153 744 2225 cujus
765 2152 894 2205 nihil
915 2150 1086 2205 inesse
1106 2153 1263 2206 cassis
1284 2151 1388 2205 illis

367 2228 538 2283 arenis
591 2228 810 2284 dictitat.
867 2232 1114 2285 BARTH.
1167 2231 1383 2286 Adverti.

366 2308 566 2378 XLIX,
595 2314 673 2366 13.
693 2312 876 2366 Malim
902 2334 1161 2382 cauteque
1182 2318 1278 2367 soli
1296 2330 1389 2366 tor·

359 2407 527 2443 rentur
560 2414 758 2447 orenoe:
790 2407 932 2448 amat
971 2397 1112 2448 enim
1151 2395 1386 2449 Avienus

359 2469 412 2522 id
455 2473 676 2525 verbum
724 2475 872 2526 casui
917 2473 1153 2527 secundo
1194 2475 1384 2548 adjun·
1419 2494 1425 2498 ·

358 2569 480 2621 gere
499 2590 514 2614 ,
544 2564 604 2604 ut
643 2572 723 2604 vs.
755 2555 884 2618 602,
929 2579 950 2600 ι
976 2553 1246 2626 sanguinis
1277 2575 1387 2610 cas-

321 2657 326 2662 ·
357 2649 447 2683 sus
476 2652 529 2696 »ς
569 2645 620 2684 et
646 2633 774 2703 937,
812 2660 837 2678 α
857 2632 1012 2686 tellus
1056 2649 1206 2688 cassa
1247 2637 1386 2689 viro-

355 2728 478 2760 rum
493 2735 514 2754 ·
534 2727 549 2772 3
566 2723 618 2762 et
635 2711 730 2764 Or.
749 2731 878 2765 mar.
897 2733 948 2766 v.
971 2713 1068 2767 133
1088 2731 1101 2766 :
1124 2741 1149 2759 κ
1164 2717 1386 2768 Cassum

357 2788 652 2842 incolarum
672 2793 920 2862 cespitem
943 2817 984 2844 ι.
1003 2793 1161 2846 Plura
1192 2795 1260 2847 de
1287 2795 1386 2848 hac

364 2885 496 2920 voce
519 2867 682 2922 Ovid.
719 2872 865 2923 Rem.
909 2873 1030 2924 Am.
1067 2891 1142 2926 vs.
1175 2883 1298 2946 447,
1334 2891 1388 2930 et

363 2945 627 3011 Fast.vl,
657 2969 707 3004 v.
735 2953 851 3012 406.
880 2949 1106 3006 HEINS.
1135 2953 1204 3006 ad
1230 2956 1386 3009 Ovid.

365 3027 576 3091 Met.V,
599 3031 696 3092 482
712 3071 727 3096 ,
755 3031 845 3084 ubi
867 3029 1064 3085 dicitur
1087 3061 1110 3080 «
1128 3034 1388 3090 Fertilitas

364 3115 515 3159 terrae
546 3109 784 3163 ...Cassa
799 3113 936 3184 jacet
957 3137 1002 3165 ιο.
1041 3113 1180 3166 Addi
1213 3128 1389 3188 potest

367 3185 552 3238 Avien.
580 3188 632 3238 in
665 3187 843 3242 Phaen.
864 3210 943 3244 vs.
970 3193 1070 3259 83,
1103 3195 1173 3247 de
1198 3197 1386 3264 stellis,

365 3282 484 3335 quat
514 3277 711 3318 certam
743 3269 968 3322 formam
1005 3291 1114 3326 non
1155 3273 1383 3330 habent:

364 3370 389 3388 α
413 3341 670 3396 sideribus
700 3363 906 3400 cassum
944 3349 1006 3403 fit
1047 3365 1238 3410 catera
1266 3357 1385 3408 vul-

363 3441 458 3493 gus
477 3451 520 3474 a.
535 3425 696 3476 Sena.
727 3425 992 3480 Videntur
1015 3432 1176 3501 igitur
1202 3433 1259 3486 hi
1283 3432 1384 3488 do-

362 3502 435 3555 cti
459 3504 555 3555 viri
577 3545 593 3572 ,
623 3503 730 3558 sive
753 3510 887 3566 solo,
913 3509 1023 3560 sive
1046 3513 1142 3563 soli
1159 3511 1385 3584 legatur,

362 3583 536 3636 solum
573 3604 671 3656 pro
713 3605 777 3640 eo
817 3586 1018 3640 dictum
1057 3591 1382 3665 existimare,

363 3667 514 3737 cujus
552 3685 720 3722 cassae.
747 3667 854 3720 sint
896 3687 1087 3724 arenae.
1127 3671 1194 3724 Et
1228 3678 1383 3726 solum

363 3763 468 3796 non
490 3764 628 3818 nego
655 3749 922 3820 sigillatim
942 3769 1042 3822 pro
1065 3764 1203 3806 terra
1220 3755 1384 3807 ubere

363 3835 414 3874 et
440 3825 668 3880 fecunda
695 3825 819 3896 dici,
840 3841 899 3882 ut
921 3827 1062 3902 apud
1085 3827 1223 3883 Plin.
1243 3831 1376 3886 Pan.

363 3899 458 3969 32,
503 3905 532 3956 3
559 3922 572 3955 :
619 3925 794 3980 neque
819 3921 998 3962 tamen
1033 3909 1138 3965 hoc
1168 3909 1285 3965 loco
1318 3933 1380 3968 ea

361 3982 791 4056 interpretatione
812 4009 948 4061 opus
973 4003 1078 4054 est,
1103 4003 1156 4044 et
1173 3996 1279 4044 solo
1302 3991 1380 4046 di·

359 4063 497 4116 citur
521 4085 621 4138 pro
645 4066 702 4122 in
729 4069 872 4137 solo,
899 4091 1026 4126 arvo
1041 4113 1057 4140 ,
1089 4071 1258 4126 fundo
1275 4083 1380 4155 τρι,-

359 4162 448 4196 rae.
467 4145 570 4198 W.
596 4177 666 4187 -
685 4153 808 4200 Aret
839 4154 1036 4206 humus.
1052 4191 1093 4205 ..
1141 4167 1385 4204 torrentio-

1489 1302 1675 1337 arenoe.
1691 1290 1900 1339 Arentes
1917 1307 2099 1344 arenas
2115 1302 2167 1344 et
2178 1308 2372 1347 urentes
2388 1300 2509 1369 pari

1483 1364 1793 1417 auctoritate
1810 1366 2129 1439 scriptorum
2148 1372 2251 1426 dici
2273 1411 2287 1435 ‚
2314 1393 2507 1450 magna

1483 1440 1727 1495 locorum
1766 1448 2013 1517 congerie
2048 1448 2202 1503 docet
2234 1453 2401 1508 Bentl.
2435 1457 2505 1511 ad

1481 1520 1611 1574 Hor.
1628 1524 1733 1587 111,
1757 1531 1819 1591 4,
1840 1544 1891 1578 v.
1919 1527 2007 1591 31,
2038 1529 2095 1582 in
2121 1532 2313 1603 quibus
2339 1546 2392 1588 et
2416 1536 2505 1591 hie

1481 1602 1670 1655 Avieni
1694 1603 1840 1657 locus
1860 1604 2093 1677 adparet.
2130 1610 2407 1667 Claudiani
2426 1616 2503 1670 lo·

1481 1699 1625 1748 cum,
1648 1682 1705 1735 in
1719 1684 1841 1736 Rus.
1855 1686 1928 1751 11,
1946 1694 2077 1750 ²40²
2093 1690 2199 1743 «Te
2225 1693 2309 1745 vel
2334 1693 2401 1747 ad
2422 1696 2505 1748 in-

1479 1780 1660 1814 censas
1704 1763 1887 1837 Libyae
1918 1766 2211 1821 comitabor
2244 1790 2503 1841 arenas»,

1478 1840 1671 1893 frustra
1694 1854 1859 1897 tentat
1880 1846 2060 1898 Burm-
2085 1847 2151 1901 ad
2180 1850 2421 1923 Propert.
2444 1856 2471 1907 1
2485 1893 2501 1918 ‚

1478 1922 1513 1971 6
1534 1960 1549 1985 ,
1580 1920 1631 1973 3.
1653 1920 1802 1974 Idem
1830 1924 1910 1974 IV
1936 1926 2099 1979 Cone.
2128 1928 2329 1983 Honor.
2360 1932 2461 2001 598
2485 1952 2499 1986 ε

1479 2020 1502 2044 ι
1516 1998 1633 2069 quis
1656 1998 1832 2053 divitis
1856 2002 1985 2073 algae
2007 2004 2260 2061 Ger-mina
2278 2008 2503 2083 flagran-

1473 2088 1553 2129 tes
1570 2078 1709 2131 inter
1730 2081 1971 2150 quazsivit
1989 2098 2176 2139 arenas
2190 2112 2232 2138 τ’.
2260 2090 2505 2144 ScnR.-
2540 2118 2545 2121 ·

1474 2156 1580 2208 Pro
1599 2178 1767 2210 arenoe
1786 2160 1917 2213 oiim
1935 2162 2257 2219 Schraderus
2279 2168 2337 2221 in
2357 2170 2503 2225 sche-

1475 2234 1559 2289 dis
1584 2242 1884 2310 conjecerat
1903 2260 2097 2305 avenoe,
2126 2246 2219 2297 sed
2237 2244 2383 2301 haud
2404 2250 2502 2304 du-

1470 2316 1559 2370 hie
1583 2316 1855 2372 damnavit
1880 2334 2086 2394 postea.

1546 2400 1633 2468 73.
1678 2406 1825 2469 Vaga
1855 2407 2186 2471 complectitur
2208 2422 2345 2459 oestu.
2394 2409 2498 2464 Ge-

1473 2477 1652 2530 minus
1692 2480 1841 2533 loeus
1883 2495 1961 2534 est
2002 2484 2245 2550 Seneca,
2282 2486 2499 2561 Hippoi.

1473 2577 1529 2610 v.
1552 2561 1716 2612 1162:
1748 2587 1773 2606 α
1791 2561 2057 2633 quidquid
2080 2563 2324 2620 Oceanus
2350 2570 2497 2641 vagis

1474 2637 1793 2709 Complexus
1826 2641 1981 2695 undis
2006 2641 2197 2696 ultimo
2230 2644 2399 2700 fluctu
2424 2660 2499 2702 te-

1474 2717 1551 2786 git
1573 2741 1612 2770 a.
1640 2719 1876 2772 Scnaan.
1908 2720 2040 2785 Quae
2066 2723 2296 2778 Avienus
2326 2727 2416 2781 hic
2447 2739 2500 2798 et

1475 2797 1816 2868 sequentibus
1859 2800 2099 2852 versibus
2138 2799 2206 2855 de
2245 2805 2461 2859 Oceano
2480 2844 2497 2869 ,

1475 2895 1661 2928 omnes
1682 2889 1848 2930 terras
1874 2879 2153 2950 complexo
2168 2921 2183 2946 ‚
2206 2894 2258 2934 et
2282 2883 2352 2937 de
2372 2905 2498 2958 qua-

1473 2966 1597 3008 tuor
1644 2957 1933 3028 majoribus
1981 2961 2093 3032 ejus
2142 2960 2337 3016 finibus
2378 2982 2499 3036 pro-

1473 3036 1577 3088 fert
1595 3077 1611 3102 ,
1648 3035 1833 3090 iisdem
1864 3037 1975 3090 fere
2001 3040 2173 3092 verbis
2205 3045 2418 3113 exponit
2443 3044 2497 3096 in

1471 3114 1579 3167 Ora
1606 3133 1734 3168 mar.
1759 3136 1808 3169 v.
1830 3117 1933 3186 390
1958 3137 2106 3191 seqq.
2134 3120 2231 3172 W.

1544 3201 1630 3264 74.
1676 3201 1971 3248 Inter-rufaus
2007 3201 2172 3249 ambit.
2210 3199 2295 3252 Sic
2337 3201 2493 3254 etiam

1472 3288 1624 3327 vocat
1641 3275 1738 3328 Or.
1766 3294 1900 3328 mar.
1919 3296 1969 3328 v,
1988 3277 2108 3328 381.
2130 3277 2232 3330 W.

1542 3353 1628 3424 75.
1648 3353 1956 3407 ponderatis
1982 3354 2045 3406 iis
2058 3394 2072 3418 ‚
2093 3369 2211 3424 qnoe
2224 3355 2493 3427 Bai-thius,

1471 3433 1720 3487 Heinsius
1736 3475 1749 3499 ,
1776 3433 2073 3488 Withofius
2102 3445 2155 3485 et
2176 3433 2492 3492 Oudendor—

1471 3513 1592 3585 pius
1625 3513 1694 3566 de
1729 3513 1833 3566 hoc
1864 3513 1987 3565 loco
2025 3512 2347 3568 adnotarunt
2364 3556 2379 3580 ,
2417 3519 2493 3572 uie

1471 3591 1692 3646 omnino
1713 3591 1941 3645 arbitror
1960 3592 2329 3665 corrigendum
2350 3615 2491 3653 enee:

1471 3699 1496 3717 ..
1518 3673 1937 3743 Innumerosque
1957 3672 2099 3724 sinus
2116 3687 2268 3727 cavat
2281 3675 2495 3731 illaben-

1469 3751 1610 3802 tibus
1632 3751 1789 3804 undis
1816 3755 2085 3824 Desuper:
2104 3773 2136 3807 e
2158 3757 2337 3810 multis
2355 3759 2490 3812 cele—

1465 3831 1549 3884 bri
1589 3831 1687 3900 sub
1724 3833 1942 3886 nomine
1982 3843 2186 3887 tantum
2226 3837 2488 3904 Quatnor,

1468 3922 1568 3963 etc.
1586 3936 1608 3957 ι
1640 3923 1798 3984 atque
1820 3910 1889 3966 ita
1912 3913 2023 3967 fere
2046 3918 2254 3985 desuper
2271 3917 2493 3972 colloca-

1469 4001 1556 4042 tur
1594 4011 1648 4045 v.
1697 3995 1763 4045 26
1802 4003 1855 4045 et
1900 3999 1985 4056 40.

1541 4073 1627 4144 76.
1654 4077 1889 4142 Desuper.
1909 4071 2053 4126 Illud
2074 4077 2283 4142 desuper
2296 4091 2494 4145 nequa-

1469 4169 1633 4226 quam
1660 4151 1789 4206 mihi
1818 4153 2035 4206 sufficit.
2062 4153 2173 4206 Etsi
2204 4153 2344 4206 enim
2372 4153 2497 4207 talia
