2996 4685
705 362 1326 434 DESCRIPTIO
1381 360 1671 429 ORBIS
1721 360 2098 429 TERRAE.

2338 356 2475 430 353

439 490 563 557 His
598 511 787 556 coma
824 485 1096 555 liventes
1139 482 1440 551 imitatur
1475 483 1661 549 crine
1696 480 2113 575 hyacinthos,

442 602 606 669 Pars
647 596 828 667 subit
861 582 1132 688 abrupti
1173 591 1312 661 sola
1351 592 1653 686 cespitis,
1689 616 1889 660 aurea
1924 606 2002 660 ut
2046 590 2178 660 illis

443 712 804 779 Terrarum
839 706 910 773 in
955 702 1228 772 latebris
1261 700 1621 771 excludant
1656 716 1851 770 caute
1891 699 2192 770 metalla:

445 823 606 890 Pars
638 816 804 886 telas
842 827 1266 899 statuunt‚et
1295 810 1696 879 vestimenta
1734 811 2043 880 laborant
2388 837 2485 875 mr,

446 928 684 997 Lintea
717 951 731 993 τ
775 948 929 1019 pars
969 921 1120 991 Indi
1166 936 1480 1015 procurat
1517 922 1816 1014 segmina
1853 920 2072 989 dentis
2094 976 2113 1005 ,

448 1042 678 1133 Atque
715 1034 884 1102 ebur
925 1030 1274 1125 invigilat:
1313 1028 1545 1109 multi,
1582 1054 1713 1125 qua
1751 1030 2031 1100 flumina
2068 1033 2314 1103 nimbis

451 1151 671 1240 Auget
709 1144 956 1229 hiems,
995 1156 1256 1209 vastum
1300 1154 1376 1209 ut
1412 1138 1545 1208 late
1590 1139 1811 1211 trahat
1849 1165 2089 1237 agmen
2126 1168 2455 1239 aquarum

435 1342 590 1395 1312.
639 1342 858 1393 mentes
904 1342 1158 1391 &nitantur
1204 1336 1384 1390 scribit

355 1423 519 1493 Cusp.
541 1418 732 1492 reliqui
757 1422 992 1479 imitatur,
1015 1415 1162 1489 quod
1189 1415 1383 1469 rectius

359 1512 436 1559 est
459 1541 474 1567 ,
504 1512 558 1553 et
579 1497 920 1551 referendum
949 1495 1020 1549 ad
1057 1516 1216 1548 coma.

367 1609 375 1617 ·
437 1578 590 1633 1313.
627 1580 762 1629 Subit
801 1578 1008 1644 abrupta
1049 1579 1160 1627 sola
1195 1576 1384 1642 cespitis

359 1661 497 1713 Ven.
530 1668 584 1711 et
619 1658 779 1727 Cusp.
819 1669 872 1709 et
904 1654 1046 1709 Vad.
1076 1652 1171 1709 sed
1201 1652 1386 1706 melius

359 1738 497 1791 Pith.
524 1748 578 1789 et
597 1734 772 1789 Huda.
799 1737 991 1801 abrupti
1011 1738 1119 1787 sola
1143 1735 1350 1799 cespitis.

439 1818 593 1880 1314.
625 1822 792 1867 Ama
827 1830 880 1865 uc
905 1818 1001 1866 mis
1115 1815 1392 1868 excludant

363 1912 503 1947 mm
532 1898 752 1949 metalla.
785 1900 956 1943 Aurea
987 1896 1222 1951 metalla,
1257 1906 1390 1942 vena

365 1974 481 2027 auri
495 2013 512 2040 ,
541 1986 602 2027 ut
639 1992 796 2023 autea
837 1990 976 2023 vena
1017 1988 1046 2023 a
1086 1968 1292 2023 Lucilio
1335 1968 1390 2019 ἰιι

364 2056 554 2119 AEtna,
583 2069 657 2104 vs.
679 2052 817 2114 268,
843 2048 1170 2103 dicitur.W.
1191 2076 1265 2087 —-
1283 2052 1392 2097 Ex-

365 2136 572 2185 cladum
596 2131 758 2200 Cusp.
779 2129 976 2201 reliqui
998 2132 1290 2182 excludam.
1317 2155 1394 2167 --

363 2218 486 2263 Pars
522 2215 646 2263 celas
687 2222 924 2261 stamme.
973 2210 1050 2261 De
1099 2206 1246 2268 telis,
1291 2219 1394 2259 sta-

365 2289 510 2344 mine
525 2326 542 2356 ,
562 2288 700 2342 liciis
723 2300 778 2340 et
801 2286 1016 2340 texendi
1041 2285 1246 2339 ratione
1266 2302 1390 2338 con·

365 2369 572 2426 sulendi
623 2370 727 2424 viri
769 2349 1060 2424 doctissimi
1108 2366 1176 2422 ad
1225 2364 1386 2420 ovid.

365 2449 496 2504 Met.
517 2451 634 2516 vl,
665 2448 734 2512 54
759 2443 1198 2521 seqq.11e5nius
1235 2467 1282 2498 v.
1322 2448 1388 2500 cl.

367 2531 440 2585 ad
463 2531 660 2584 Tihuu.
690 2531 750 2593 1,
789 2533 856 2596 6,
897 2545 1000 2599 79,
1042 2541 1096 2580 et
1128 2529 1238 2598 ipse
1263 2544 1393 2579 ιιοιι-

369 2610 518 2664 nulla
541 2608 740 2664 tradidi
767 2607 837 2660 ad
861 2607 1096 2679 Epithal.
1127 2607 1289 2658 Laur.
1311 2625 1390 2659 vs.

373 2689 440 2752 45
469 2689 603 2760 (huj.
620 2707 712 2755 op.
733 2698 772 2738 t.
791 2687 896 2750 111,
921 2705 972 2756 p.
993 2684 1253 2749 400.En.)

449 2769 600 2822 1316.
637 2769 934 2827 Vestimenta
959 2767 1188 2816 laborant
1205 2766 1397 2818 Lintea.

372 2851 552 2902 Immo
591 2851 766 2899 Linea.
809 2845 1130 2917 Dionysius,
1163 2858 1226 2896 ιιι
1267 2843 1398 2895 alias

371 2929 602 2984 rationes
637 2939 692 2982 et
718 2937 1032 2998 argumenta
1067 2941 1211 2976 nunc
1243 2922 1398 2975 omit·

372 3021 518 3072 tam,
555 3027 611 3060 v.
646 3009 820 3059 1116:
867 3005 928 3058 Οἱ
963 3001 1013 3054 δ’
1043 3004 1194 3062 ἱστοὺς
1217 3002 1398 3071 ὑφόωσι

373 3088 634 3157 hup-xta<-
661 3084 960 3138 Priscianus
978 3102 1058 3137 vs.
1079 3083 1242 3135 1016:
1269 3084 1400 3134 -Ast

375 3167 466 3218 alii
485 3176 668 3218 texunt
684 3164 992 3217 tenuissima
1009 3163 1240 3232 tegmina
1251 3161 1396 3214 lini·.

377 3241 714 3298 Contrarium
776 3240 1031 3294 mendum
1095 3239 1402 3294 continebat

377 3322 506 3376 olim
531 3339 582 3373 v.
613 3323 718 3388 609
737 3358 753 3383 ,
780 3319 924 3387 quod
951 3320 1184 3372 correxit
1203 3319 1400 3372 Vlitius

379 3401 451 3456 ad
486 3400 634 3453 Grat.
663 3400 865 3470 Cyneg.
889 3417 940 3450 v.
960 3399 1047 3466 87,
1079 3398 1172 3450 ubi
1195 3397 1400 3469 pariter

378 3481 582 3536 librarii
619 3478 912 3534 variarunt.
945 3477 1114 3531 Scnn.
1144 3477 1238 3530 lib.
1267 3478 1398 3532 oba.

379 3580 424 3615 c.
447 3567 480 3624 4
495 3596 512 3625 ,
541 3579 600 3631 p.
622 3564 707 3628 49.
734 3587 805 3599 -·-
843 3558 1144 3608 Vestimenta
1169 3561 1402 3610 laborant

377 3643 552 3694 Linum
575 3661 595 3690 .·
639 3637 718 3692 sic
755 3633 973 3708 quidem
1005 3653 1192 3688 omnes
1215 3635 1402 3689 editio-

379 3737 502 3772 nes:
533 3717 626 3770 ned
653 3714 874 3770 Schrad-
911 3715 966 3767 in
1007 3713 1214 3766 schedis
1249 3727 1400 3768 nota·

380 3797 459 3852 vit
493 3799 666 3850 Linea.
695 3797 810 3866 Ego
847 3811 975 3848 vero
1011 3791 1154 3845 idem
1195 3806 1404 3847 mutare

382 3895 492 3932 non
515 3874 712 3935 audeo,
736 3874 860 3944 quia
883 3877 1049 3925 lintea
1069 3887 1236 3924 vestes
1253 3891 1404 3943 aeque

381 3975 466 4010 ac
485 3958 629 4006 linea
667 3952 950 4006 Veteribus
991 3950 1264 4014 dicuntur,
1307 3953 1403 4004 ite·

381 4053 612 4105 rumque
623 4033 724 4087 hac
739 4049 870 4086 voce
883 4032 1046 4085 utitur
1058 4031 1246 4086 Noster
1261 4033 1404 4087 infra

381 4111 912 4181 v.1369:·solvnnt
937 4125 1281 4184 properantes
1309 4113 1404 4167 lin

577 4207 661 4272 V.
1017 4231 1026 4262 ι

1467 1348 1550 1391 tea
1570 1337 1793 1391 Baccha
1802 1339 2037 1391 Vincula
2052 1358 2100 1401 »ς
2122 1341 2214 1393 ubi
2223 1340 2409 1393 victv.
2426 1342 2490 1395 L.

1546 1417 1699 1487 1317.
1736 1424 1903 1484 Atque
1934 1420 2051 1468 ebur
2074 1421 2335 1487 invigilant
2362 1425 2502 1473 mula·

1471 1498 1639 1566 Cusp.
1664 1495 1885 1548 Rectius
1906 1496 2043 1550 Pith.
2070 1502 2235 1565 Atque
2251 1502 2369 1549 ebur
2386 1503 2501 1552 invi-

1468 1578 1625 1641 gilat,
1660 1577 1798 1625 tnalee'
1832 1592 1959 1640 qua,
1993 1586 2091 1627 etc.
2120 1576 2409 1631 Hudsonus
2448 1592 2501 1631 et

1471 1652 1709 1707 Withof.
1740 1652 1937 1705 offensi
1960 1656 2353 1710 constructione
2378 1662 2504 1711 invi·

1467 1732 1599 1799 gilae
1628 1734 1767 1793 ebur,
1810 1732 2150 1785 scribendum
2187 1750 2503 1790 censuerunt

1479 1818 1643 1880 Atque
1660 1814 1795 1863 ebori
1810 1815 2051 1881 invigilat.
2082 1814 2149 1867 Et
2173 1834 2301 1867 sane
2324 1820 2501 1887 invigi-

1477 1896 1585 1963 Iarge
1628 1902 1681 1943 et
1726 1891 1916 1943 similia
1960 1894 2124 1945 verba
2163 1895 2318 1946 tertio
2357 1898 2505 1949 casui

1475 1970 1641 2042 vulgo
1660 1975 1977 2044 junguntur.
2008 1974 2163 2046 Virg.
2190 1974 2385 2046 Georg.
2406 1976 2506 2047 lv,

1487 2050 1585 2103 158
1613 2070 1627 2103 :
1672 2076 1695 2097 ι
1724 2051 1969 2123 Namque
1998 2052 2117 2105 alio
2144 2052 2289 2105 victu
2319 2053 2508 2125 invigi-

1478 2129 1613 2191 lant,
1652 2142 1703 2183 et
1752 2129 1949 2183 foedere
1988 2143 2145 2201 pacto
2182 2133 2508 2185 Exercentur

1479 2210 1663 2279 agris»
1638 2210 1797 2276 -(ubi
1823 2212 1957 2261 victu
1982 2229 2079 2280 pro
2096 2212 2255 2262 victui
2273 2213 2505 2282 positum

1478 2306 1577 2358 pro
1618 2307 1765 2342 more
1802 2302 2078 2362 poetarum
2108 2294 2222 2362 est).
2259 2292 2505 2356 Tacitus,

1478 2369 1663 2421 Germ.
1688 2384 1804 2440 cap.
1835 2373 1933 2432 46.
1977 2370 2147 2424 «Hoc
2180 2371 2386 2424 beatius
2423 2391 2507 2424 ar-

1479 2437 1775 2508 bitrantur,
1814 2466 1979 2520 quam
2027 2449 2293 2522 ingemere
2331 2455 2501 2524 agris,

1477 2526 1759 2581 illaborare
1792 2526 2101 2582 domibus.
2150 2529 2275 2584 Haec
2309 2550 2507 2584 conve-

1481 2607 1637 2658 niunt
1670 2623 1795 2658 cum
1830 2607 1925 2658 illo
1964 2609 2229 2672 Lucretii,
2268 2612 2334 2675 V,
2372 2631 2504 2666 210.

1481 2711 1509 2730 «-
1524 2683 1701 2737 valido
1718 2699 1975 2738 consueta
1994 2687 2197 2740 bidenti
2216 2689 2511 2758 Ingemere,
2586 2697 2593 2705 '

1483 2775 1537 2817 et
1568 2777 1764 2817 terram
1795 2767 1990 2836 pressis
2023 2766 2366 2837 proscindere
2397 2789 2513 2823 ara·

1483 2843 1641 2896 tria».
1683 2843 1788 2895 Sed
1814 2843 2057 2897 Heinsius
2083 2845 2150 2898 ad
2185 2845 2344 2900 ovid.
2384 2849 2510 2900 Met.

1485 2922 1657 2988 VIII,
1691 2929 1816 2987 142,
1845 2920 2082 2976 defendit
2107 2929 2274 2976 ebur
2253 2931 2510 2994 invigilat,

1485 3015 1539 3055 et
1562 3004 1812 3056 Nostrum
1833 3003 1993 3056 verba
2014 3005 2301 3075 ejusmodi,
2345 3021 2404 3060 ut
2432 3007 2512 3060 in-

1485 3083 1707 3146 vehere,
1738 3081 1990 3147 influere,
2018 3083 2276 3156 irrepere,
2296 3085 2513 3140 incuba-

1484 3181 1572 3226 re,
1611 3175 1717 3216 etc.
1754 3181 1875 3216 cum
1907 3176 2097 3234 quarto
2132 3181 2258 3218 casu
2286 3168 2513 3238 jungere

1484 3241 1654 3294 solere
1674 3282 1690 3307 ,
1727 3258 1895 3311 quum
1932 3241 2035 3293 hoc
2072 3242 2189 3295 loco
2207 3283 2223 3306 ,
2254 3253 2367 3295 tum
2395 3247 2511 3316 qui—

1484 3321 1709 3376 busdam
1738 3321 1878 3383 aliis,
1902 3323 2083 3374 Descr.
2109 3322 2240 3375 Orb.
2270 3342 2341 3376 vs.
2381 3325 2513 3394 795,

1485 3413 1539 3454 et
1574 3402 1667 3453 Or.
1704 3419 1835 3453 mar.
1869 3399 2004 3463 383,
2048 3399 2271 3470 probat,
2317 3403 2511 3474 quibus

1487 3480 1616 3533 addi
1650 3491 1875 3551 possunt
1916 3497 1992 3530 vs.
2034 3481 2162 3541 106,
2193 3478 2313 3548 529.
2360 3483 2511 3538 Idem

1487 3558 1666 3614 adeo
1651 3575 1707 3610 ιιι
1730 3556 1992 3630 Virgilio,
2032 3517 2225 3630 Geni-g.
2258 3560 2356 3628 IV,
2384 3567 2513 3632 261,

1488 3659 1521 3692 e
1550 3638 1835 3692 veterrimo
1868 3598 2053 3690 codice
2086 3639 2246 3729 legit:
2293 3643 2514 3716 «Frigi-

1489 3717 1591 3770 dus
1604 3727 1665 3769 ut
1676 3715 1950 3788 quondam
1968 3715 2155 3770 silvas'
2142 3737 2267 3772 unm
2274 3735 2516 3777 urmurat

1488 3799 1739 3848 Auster·-
1784 3797 1973 3867 Itaque
2012 3795 2193 3850 malim
2242 3797 2345 3853 hoc
2397 3802 2517 3856 loco

1489 3875 1753 3946 vulgatam
1790 3874 2107 3938 lectionem,
2144 3891 2204 3932 ut
2245 3885 2523 3960 propriam

1492 3967 1545 4006 et
1570 3953 1810 4006 usitatam
1836 3954 2071 4018 Avieno,
2094 3957 2337 4015 retinere.

1571 4033 1719 4086 1318.
1752 4039 1954 4084 Vaseum
1983 4049 2035 4086 uc
2054 4041 2161 4094 late
2176 4046 2342 4094 trahae
2358 4043 2521 4112 Cusp.

1493 4111 1631 4168 vad.
1660 4111 1799 4168 Pith.
1824 4113 1991 4192 Aliter
2028 4118 2324 4176 Hudsonus
2354 4121 2529 4180 edidit

2148 4213 2235 4283 23
