2996 4685
575 332 700 400 DE
755 331 1016 399 Paos,
1063 332 1176 399 ET
1235 333 1651 402 ELAVIAN.
1705 331 2021 400 AMlcls
2084 297 2221 400 A'v.
2372 330 2462 401 25

336 461 601 526 decorat
621 461 742 548 (1).
775 459 976 542 Quod
998 461 1052 524 si
1079 459 1428 524 Petronius
1452 460 1709 524 Probus
1747 475 1877 523 tam
1910 473 2191 540 mature,
2230 475 2295 523 et
2321 461 2466 547 qui-

337 567 488 632 dem
521 567 686 632 circa
721 588 968 630 annum
1008 565 1134 644 340
1165 566 1460 654 publicos
1493 566 1779 630 honores
1811 588 2077 630 exorsus
2112 582 2209 630 est
2228 613 2247 647 ,
2277 567 2466 631 Avie-

297 659 302 664 ”
337 695 462 738 nus
493 695 684 754 sane,
725 672 840 760 qui
881 671 1172 736 libellum
1213 671 1294 734 de
1337 673 1464 736 Ora
1504 671 1821 735 maritima
1865 671 2173 737 doctrinae
2215 671 2469 735 institu-

335 779 664 866 tionisque
689 800 910 844 caussa
934 777 1153 842 Probo
1174 777 1566 842 adolescenti
1594 778 1819 858 mittit,
1850 799 2109 842 necesse
2139 792 2264 859 est,
2312 800 2465 841 eum

338 871 506 948 circa
537 883 710 948 idem
743 899 998 973 tempus
1031 884 1387 972 scripserit,
1419 899 1488 948 et
1530 884 1683 971 quia
1724 883 1855 947 Ora
1900 882 2217 947 maritima
2258 899 2467 946 extre-

338 1012 520 1052 mum
544 989 765 1054 Avieni
786 1011 982 1076 opus,
1009 1005 1182 1053 certe
1200 989 1519 1078 Periegesi
1537 989 1857 1076 posterius
1882 1004 2001 1071 est,
2023 987 2177 1052 hinc
2192 989 2299 1052 ille
2321 1004 2468 1052 ante

329 1097 462 1177 jam
514 1093 744 1159 florere
793 1095 1055 1183 coeperit
1097 1096 1220 1159 sub
1268 1095 1677 1160 Constantini
1728 1111 1795 1160 et
1836 1093 2117 1159 filiorum
2168 1094 2465 1182 imperio,

336 1203 422 1267 Et
466 1223 610 1288 quae
667 1199 752 1264 de
805 1200 1098 1265 moribus
1147 1200 1345 1264 Probi
1382 1201 1667 1264 Avienus
1720 1199 1960 1287 pariter
2017 1222 2093 1264 ac
2141 1200 2468 1263 Ausonius

337 1305 666 1386 scribunt,
704 1305 839 1368 fere
874 1305 1274 1370 conveniunt
1303 1306 1372 1369 in
1415 1327 1614 1369 unam
1657 1327 2020 1394 personam.
2070 1306 2222 1387 Quo
2264 1305 2467 1393 perti·

337 1427 478 1493 net,
517 1411 698 1499 quod
724 1427 1034 1499 uterque,
1067 1411 1329 1476 laudare
1369 1412 1508 1493 ejus
1548 1412 1853 1477 virtutem
1890 1412 2159 1501 cupiens
2178 1461 2197 1495 ,
2232 1411 2314 1475 ad
2347 1435 2468 1474 no·

336 1542 484 1583 men
522 1520 721 1584 Probi
753 1519 1022 1586 adludit.
1076 1521 1384 1603 Avienus,
1427 1543 1487 1586 v.
1521 1543 1559 1584 2
1590 1544 1607 1586 ε
1654 1551 1681 1578 ι
1704 1521 1955 1603 Probe,
2005 1523 2225 1586 animo
2272 1536 2468 1607 atque

336 1635 602 1692 sensu».
643 1626 970 1690 Ausonius
1013 1625 1235 1705 latius,
1263 1649 1322 1691 v.
1366 1629 1492 1705 44:
1526 1656 1551 1682 κ
1578 1627 1907 1690 Utrumne
1958 1647 2171 1690 mores
2210 1626 2340 1689 hoc
2371 1625 2467 1687 tui

336 1731 594 1795 Nomen
623 1730 890 1813 dedere3
910 1754 992 1795 an
1026 1753 1266 1796 nomen
1298 1732 1430 1796 hoc
1456 1731 1749 1818 Sequuta
1780 1754 2042 1796 morum
2074 1729 2337 1820 regula?
2364 1731 2466 1793 An

338 1835 443 1900 ille
468 1837 731 1899 venturi
755 1837 963 1900 sciens
981 1884 999 1918 ,
1037 1835 1275 1901 Mundi
1309 1859 1656 1925 supremus
1688 1836 1947 1918 arbiter,
1981 1839 2257 1919 Qualem
2295 1831 2469 1898 crea·

337 1943 432 2004 vit
465 1941 758 2005 moribus
779 1987 798 2022 ,
832 1942 1030 2004 Iussit
1061 1941 1278 2004 vocari
1311 1943 1628 2006 nomine?
1653 1973 1679 1999 n
1712 1941 2003 2030 Uterque
2032 1945 2221 2006 etiam
2258 1945 2472 2031 singu-

341 2045 538 2110 larem
569 2046 638 2109 in
671 2046 891 2111 Probo
921 2039 1289 2110 studiorum
1337 2061 1404 2110 et
1434 2046 1767 2110 literarum
1810 2069 2101 2112 amorem
2135 2047 2469 2136 praedicat:

338 2154 627 2217 Avienus
660 2153 924 2241 quidem
961 2169 1220 2243 rogatus
1247 2153 1330 2217 ab
1353 2151 1448 2217 'eo
1467 2201 1486 2235 ‚
1530 2171 1607 2219 ut
1633 2155 1835 2218 situm
1868 2155 2064 2218 maris
2096 2155 2373 2218 Maeotici
2406 2170 2472 2218 et

337 2282 604 2324 omnem
636 2282 818 2324 oram
859 2259 1245 2324 maritimam
1277 2257 1703 2344 describeret3
1746 2261 2077 2324 Ausonius
2110 2277 2327 2324 autem
2348 2307 2367 2342 ,
2397 2277 2472 2323 ut

336 2364 577 2429 Titiani
590 2366 908 2455 apologos
933 2381 1000 2430 et
1029 2365 1300 2454 Nepotis
1327 2366 1653 2431 Chronica
1678 2364 2003 2454 descripta
2020 2366 2102 2431 ad
2122 2366 2469 2447 juvandam

339 2469 624 2535 filiorum
673 2471 1153 2535 institutionem
1199 2471 1504 2536 mitteret.
1554 2471 1875 2560 Gyraldus
1932 2490 1997 2537 et
2054 2496 2133 2537 ex
2182 2496 2261 2537 eo
2312 2472 2470 2538 Vos-

337 2576 473 2639 sius
499 2576 592 2665 (2)
637 2575 924 2641 Probum
975 2598 1113 2640 esse
1162 2576 1346 2641 illum
1387 2578 1602 2639 virum
1649 2578 2073 2643 Consularem
2118 2568 2471 2661 existimat,

339 2680 422 2745 ad
469 2703 666 2769 quem
701 2680 1092 2747 Claudianus
1135 2684 1410 2771 scripsit.
1471 2684 1559 2747 Iis
1614 2706 1768 2748 vero
1814 2686 2025 2749 verbis
2080 2698 2214 2748 non
2272 2686 2469 2749 alium

337 2786 596 2851 videtur
631 2786 1016 2877 intelligere,
1062 2810 1258 2875 quam
1301 2788 1520 2876 ipsum
1560 2785 1777 2872 illum,
1819 2788 1901 2853 de
1947 2813 2081 2877 quo
2124 2791 2470 2872 hactenuS,

340 2891 720 2955 Petronium
756 2890 1069 2957 Probum.
1115 2892 1258 2957 Etsi
1301 2892 1478 2956 enim
1525 2916 1785 2957 carmen
1831 2894 2161 2959 Claudiani
2214 2919 2285 2960 re
2332 2898 2469 2985 ipsa

339 2997 650 3084 scriptum
689 2997 884 3061 estin
909 2998 1336 3061 Consulatum
1365 2996 1635 3062 Probini
1660 2997 1822 3086 (non
1845 2999 2065 3088 Probi)
2098 3019 2164 3065 et
2190 3003 2469 3091 Olybrii,

317 3094 612 3167 'fratrum
635 3154 655 3187 ‚
713 3104 828 3192 qui
880 3121 1066 3168 erant
1117 3102 1230 3167 filii
1281 3104 1569 3169 Petronii
1621 3105 1859 3189 Probi3
1908 3108 2201 3195 quaedam
2254 3127 2467 3172 tamen

343 3210 722 3297 exemplaria
769 3210 1133 3292 Claudiani,
1175 3234 1320 3299 quae
1369 3211 1639 3277 fortasse
1686 3214 1965 3301 respexit
2006 3213 2327 3302 Gyraldus
2344 3264 2360 3290 ,
2402 3216 2468 3277 in

342 3312 644 3376 carminis
696 3315 1130 3404 inscriptione·
1167 3316 1416 3397 Probi,
1471 3317 1744 3417 Probini
1789 3333 1855 3381 et
1902 3319 2156 3407 Olybrii
2204 3320 2468 3383 nomina

245 3501 256 3511 ,
342 3416 753 3507 conjungunt
766 3465 785 3499 ,
805 3418 1097 3507 adeoque
1118 3420 1316 3485 Probi
1340 3423 1561 3511 patris,
1577 3423 1952 3487 Consularis
1972 3424 2129 3505 viri,
2148 3424 2465 3488 honorem

341 3522 410 3585 in
459 3520 740 3586 filiorum
791 3524 1150 3589 Consulatu
1189 3528 1373 3613 quasi
1421 3527 1877 3592 continuatum
1920 3527 2227 3595 indicant.
2274 3530 2358 3595 Et
2401 3534 2467 3595 in

344 3628 488 3716 ipso
523 3629 808 3693 carmine
845 3644 972 3692 tam
1009 3631 1233 3695 crebra
1266 3633 1465 3698 Probi
1503 3634 1699 3723 patris
1732 3634 1869 3698 laus
1904 3636 2188 3699 occurrit
2206 3686 2223 3717 ,
2276 3652 2351 3708 ut
2387 3638 2469 3702 ad

413 3876 490 3941 (1)
525 3873 776 3945 Ejusdem
819 3894 950 3947 opes
971 3916 988 3942 ,
1038 3875 1320 3948 dignitates
1341 3917 1356 3943 ,
1405 3891 1457 3931 et
1495 3896 1701 3942 mores,
1752 3878 1845 3933 sed
1892 3882 2069 3935 minus
2110 3876 2475 3950 indulgenter,

339 3962 590 4015 describit
615 3966 927 4019 Ammianus
952 3966 1192 4020 Marcell.
1223 3966 1316 4019 lib.
1348 3966 1563 4020 XXVII
1582 4008 1599 4033 ,
1640 3985 1723 4020 11.

411 4076 491 4146 (2)
523 4076 602 4128 De
630 4075 823 4131 Histor.
850 4079 968 4133 Lat.
993 4099 1108 4153 cap.
1133 4098 1198 4147 9,
1230 4099 1282 4151 p.
1312 4098 1431 4134 202.
