2996 4685
979 399 1180 465 ORA
1229 398 1765 466 MARITIMA.

2296 397 2431 490 437

512 523 676 591 AEvo
721 535 1014 606 vetuste,
1056 546 1238 588 nunc
1277 545 1517 614 egena,
1562 546 1743 589 nuuc
1780 521 2029 605 breviS,

512 635 710 700 Nunc
751 630 1100 716 destituta,
1129 655 1312 700 nunc
1357 633 1703 700 ruinarum
1739 655 1939 726 agger
1974 647 2093 700 est.

517 743 654 810 Nos
695 735 824 808 hoc
861 738 1196 820 locorum,
1233 755 1472 833 praeter
1502 740 1984 809 Herculaneum

516 847 995 919 solennitatem
1018 903 1037 934 ‚
1079 849 1364 919 vidimus
1397 850 1549 918 miri
1581 849 1772 917 nihil.

519 965 608 1028 At
642 961 742 1028 vis
780 962 850 1027 in
891 958 1020 1028 illis
1058 974 1278 1045 tanta,
1316 959 1420 1029 vel
1458 974 1719 1028 tantum
1768 959 1966 1028 decus
2370 989 2444 1037 ηε,

325 1210 582 1264 adhibere
602 1211 834 1264 Avienus
857 1209 991 1263 solet
1011 1250 1026 1275 ,
1047 1221 1104 1262 ut
1121 1230 1174 1262 v.
1208 1229 1230 1262 1
1246 1228 1308 1262 ιο
1328 1229 1340 1262 :

327 1289 492 1343 “Hac
519 1290 658 1343 inter
695 1287 867 1342 undas
897 1289 1064 1341 multa
1096 1289 1346 1361 cespitem

323 1373 535 1441 jacet-3
571 1382 622 1422 et
641 1389 692 1422 v.
717 1369 850 1432 243:
886 1369 1093 1422 «multa
1134 1380 1346 1442 propter

330 1461 406 1501 est
432 1450 585 1522 palus
601 1474 646 1502 a.

403 1547 520 1599 ²7²·
540 1533 686 1580 Nune
709 1532 962 1580 ruiturum
984 1547 1104 1596 ager
1123 1544 1192 1580 esc
1211 1529 1346 1580 Ven.

331 1621 381 1662 et
406 1607 545 1661 Pith.
573 1609 760 1662 Facilis
800 1606 1056 1660 correctio
1096 1611 1348 1658 ruinarum

332 1707 483 1757 agger
523 1704 612 1740 est.
637 1691 834 1759 Agger,
863 1684 1124 1759 quidquid
1149 1685 1350 1757 aggeri-

330 1781 435 1834 tur,
452 1786 543 1820 seu
561 1766 739 1820 studio
753 1806 769 1834 ,
787 1786 880 1819 seu
900 1784 1043 1820 casu.
1062 1766 1144 1820 Sic
1161 1769 1350 1819 Noster

333 1847 499 1899 infra:
522 1846 774 1899 -Vaeuos
799 1864 894 1916 per
920 1864 1072 1916 agros
1097 1857 1150 1898 et
1175 1846 1350 1898 ruina-

335 1943 454 1976 rum
509 1942 775 1996 aggeres».
803 1925 1015 1976 Bina-n.
1052 1923 1185 1977 Adv.
1224 1943 1348 1995 pag.

339 2003 474 2068 1334
493 2041 510 2067 ‚
529 2015 584 2056 et
623 2002 740 2055 Abl.
770 2003 869 2069 IV,
898 2022 918 2056 1
933 2003 1195 2074 1.-0pit.
1217 2005 1353 2067 Ver„

333 2083 479 2134 Lect.
508 2100 561 2153 p.
589 2083 676 2151 37,
700 2081 847 2151 prius
877 2094 1184 2152 reposuerat
1223 2101 1351 2134 nunc

332 2163 588 2212 ruinarum
631 2176 703 2211 ese
743 2181 878 2228 ager,
922 2179 1042 2214 mox
1077 2161 1352 2232 proeferen-

333 2239 460 2294 dam
476 2239 820 2294 Barthianam
837 2239 1118 2292 lectionem
1130 2239 1350 2311 judicat.

333 2319 420 2373 Sic
444 2319 602 2374 etiam
627 2319 756 2391 legit
780 2317 900 2372 cod.
924 2320 990 2372 V.
1017 2332 1070 2372 et
1094 2318 1166 2372 sic
1193 2319 1353 2373 citant

325 2399 578 2453 Bochart.
623 2399 657 2453 1.
705 2418 752 2451 c.
799 2418 852 2471 p.
883 2398 1018 2469 673,
1047 2410 1099 2452 et
1126 2398 1349 2453 Salmas.

335 2478 400 2532 ad
427 2480 532 2531 sol.
551 2497 606 2550 p.
631 2497 729 2531 202
753 2496 766 2531 ε
793 2480 870 2532 sie
892 2480 1166 2555 Heinsium
1188 2480 1350 2533 veris-

334 2558 469 2611 sime
506 2556 810 2610 emendasse
835 2558 1034 2611 notavit
1063 2558 1240 2610 Burm.
1267 2558 1350 2611 Si-

338 2637 530 2689 militer
554 2635 807 2702 Rufilius,
836 2638 864 2688 1
883 2675 898 2699 ,
926 2644 1026 2699 41²
1043 2674 1058 2699 ,
1088 2634 1154 2689 de
1183 2638 1352 2707 Popu-

337 2714 510 2767 lonia:
531 2716 795 2787 «Agnosei
819 2727 1094 2786 nequeunt
1117 2716 1212 2767 sevi
1241 2735 1353 2769 mo·-

339 2807 590 2849 numenta
639 2794 854 2867 prioris:
899 2793 1196 2847 Ruderibus
1252 2796 1354 2848 late

341 2886 474 2928 tecta
505 2876 706 2947 sepulta
728 2878 954 2947 jacent».

413 2955 534 3025 273.
555 2959 662 3006 Nos
686 2957 778 3005 boe
803 2959 1019 3006 Iocorum
1041 2956 1182 3007 Veu.
1211 2953 1350 3005 Pith.

340 3045 392 3085 et
437 3030 606 3086 Huds.
653 3038 758 3084 Nos
801 3036 877 3085 hic
920 3038 1134 3085 Iocorum
1166 3031 1356 3086 maluit

341 3110 573 3175 Oddius,
593 3109 840 3182 idemque
864 3111 1137 3166 adnotavit
1165 3110 1351 3165 Burm.

342 3188 444 3242 Sed
461 3188 740 3260 vulgatum
771 3189 1012 3243 firmatur
1045 3192 1211 3243 altero
1237 3192 1357 3244 loco

345 3267 554 3331 Nostri,
573 3285 620 3321 v.
650 3274 745 3329 4²¹
771 3287 784 3318 :
809 3270 984 3321 «Nam
1011 3282 1136 3323 sunt
1159 3272 1358 3325 feroces

344 3346 448 3400 hoe
473 3346 575 3399 loci
600 3346 1005 3417 Libyphoeniees
1019 3376 1061 3401 a.

419 3432 537 3495 274.
581 3432 771 3477 Praeter
801 3430 1154 3479 Herculaneum
1185 3434 1356 3480 Soleu-

344 3510 560 3557 m'taeem,
583 3503 893 3558 productius
910 3505 1032 3558 feeit
1044 3507 1357 3559 vombulum

345 3589 704 3639 Herculaneum
712 3599 928 3655 propter
941 3596 1164 3637 metrum
1173 3605 1356 3659 ,quum

343 3665 483 3717 infra
516 3682 593 3717 vs.
634 3671 731 3727 341
773 3669 1078 3717 Herculanus
1112 3672 1360 3719 columnas

345 3742 516 3796 dieat:
541 3762 860 3816 quamquam
910 3755 960 3795 et
1001 3744 1104 3796 alia
1145 3744 1357 3797 subesse

345 3840 522 3874 caussa
541 3862 558 3885 ,
583 3842 758 3895 neque
797 3823 980 3876 eadem
1010 3827 1280 3875 Herculani
1303 3836 1358 3875 et

345 3904 643 3952 Herculanei
683 3902 762 3955 vis
807 3920 918 3955 esse
952 3900 1176 3954 videtur.
1217 3900 1358 3955 Illud

348 3978 489 4031 enim
535 3994 646 4031 rem
691 3978 972 4051 designat,·
1003 3999 1122 4051 qun
1165 3992 1243 4033 est
1291 3980 1358 4033 ab

347 4058 462 4129 ipso
479 4057 704 4111 Hercule
715 4097 730 4122 ,
745 4060 826 4111 vel
845 4078 906 4112 ex
925 4059 1150 4113 Hercule
1167 4078 1360 4131 cogno·

351 4138 571 4202 minata,
607 4150 662 4191 ut
693 4136 1056 4194 Herculanum
1077 4141 1358 4211 templum,

1433 1202 1750 1257 Herculanoe
1787 1208 2072 1270 columna-,3
2102 1207 2207 1259 hoc
2237 1220 2445 1272 autem,

1433 1281 1581 1354 quod
1600 1281 1670 1335 ad
1688 1283 2047 1337 Herculanum
2068 1287 2314 1358 pertinet.
2337 1288 2444 1358 Igi-

1434 1373 1521 1414 tur
1536 1367 1894 1414 Hereulaneam
1921 1368 2259 1418 solennitatem
2294 1367 2450 1422 inter·

1433 1452 1629 1510 pretor,
1650 1461 1769 1514 quae
1794 1443 1860 1495 sit
1884 1441 1951 1496 ad
1980 1445 2231 1515 templum
2252 1447 2453 1502 Hereu-

1434 1523 1616 1574 lanum
1630 1563 1647 1588 ‚
1661 1523 1808 1595 quod
1826 1537 1905 1576 est
1917 1525 2171 1582 Gadibus.
2190 1529 2306 1583 Hoc
2323 1541 2448 1584 tem-

1433 1601 1585 1675 plum
1612 1603 1782 1674 tetigit
1814 1603 2021 1672 Noster,
2041 1608 2221 1660 Deser.
2245 1609 2373 1664 Orb.
2396 1632 2448 1664 v.

1435 1686 1468 1735 6
1479 1685 1559 1736 18:
1570 1682 1727 1735 «dant
1744 1684 2214 1760 hi(Tyrii)quoque
2226 1690 2449 1746 maxima

1436 1763 1631 1834 templa
1669 1764 2179 1837 Amphitryoniadae,
2230 1788 2454 1823 numen·

1435 1860 1542 1914 que
1559 1861 1719 1894 veren
1726 1855 1811 1896 tur
1832 1847 2103 1897 alumnum
2122 1871 2162 1900 n.
2183 1849 2250 1899 Et
2265 1863 2456 1920 praeter

1436 1919 1624 1973 Silium
1668 1921 1782 1975 Ital.
1828 1923 1942 1988 111,
1976 1923 2043 1976 30
2072 1943 2181 1997 seq.
2206 1925 2457 1980 describit

1435 1999 1623 2070 Pomp.
1670 1999 1834 2066 Mela,
1878 2001 1963 2052 111
1982 2039 1998 2064 ,
2028 2007 2093 2056 6:
2126 2005 2452 2078 «Templum

1437 2078 1673 2149 AEgyptii
1684 2079 1926 2132 Herculis
1940 2121 1957 2146 ‚
1970 2080 2333 2137 conditoribus
2344 2127 2359 2151 ,
2378 2105 2459 2139 re-

1437 2155 1631 2228 ligione
1651 2197 1665 2221 ,
1698 2169 1957 2212 vetustate
1974 2199 1990 2224 ,
2028 2163 2218 2234 opibus
2256 2164 2458 2219 illustre

1437 2235 1588 2308 Tyrii
1612 2239 1959 2291 constituere:
1976 2259 2072 2310 eur
2090 2254 2332 2296 sanctum
2358 2246 2426 2297 sit
2442 2287 2457 2311 ,

1439 2334 1559 2369 ossa
1586 2319 1699 2388 ejus
1724 2316 1797 2369 ibi
1824 2319 1921 2371 sita
1948 2319 2190 2375 efficiunt
2202 2328 2458 2376 ».—V1'di-

1439 2418 1543 2449 mus
1570 2401 1685 2449 miri
1704 2402 1847 2450 nihil.
1870 2398 1965 2452 His
1991 2401 2167 2455 verbis
2194 2404 2453 2475 signifieat

1441 2478 1672 2530 Avienus
1690 2518 1705 2542 ,
1742 2496 1797 2530 se
1838 2478 2121 2550 aliquando
2166 2500 2459 2539 commora-

1439 2569 1554 2609 tum
1569 2556 1729 2610 fuisse
1746 2556 2007 2622 Gadibus3
2022 2561 2295 2631 quomodo
2312 2563 2455 2617 idem

1440 2633 1507 2687 de
1535 2635 1751 2706 Delphis
1777 2648 1829 2688 et
1853 2635 2089 2692 Phocide
2113 2640 2169 2693 in
2195 2637 2453 2714 Descript.

1440 2714 1573 2767 orb.
1596 2732 1648 2765 v,
1675 2718 1811 2777 604:
1836 2740 1858 2761 ι
1877 2716 2023 2769 Inter
2045 2718 2349 2773 turicremas
2368 2724 2455 2775 hic

1442 2791 1696 2844 Phoebum
1720 2791 1953 2845 vidimus
1976 2813 2093 2847 aras
2108 2823 2152 2848 ι».

1517 2871 1637 2939 ²75·
1664 2878 1733 2921 At
1750 2874 1831 2923 vis
1851 2876 1901 2921 in
1924 2877 2021 2924 illis
2054 2889 2217 2927 tanea.
2260 2878 2339 2929 Eo
2376 2881 2457 2933 in·

1443 2950 1694 3002 crementi
1753 2952 2021 3020 paullatim
2040 2993 2055 3016 ,
2095 2957 2456 3013 Romanorum

1444 3028 1671 3082 amicitia
1687 3029 1833 3095 urbs,
1842 3029 1957 3084 haec
1968 3031 2191 3103 (Gades)
2197 3040 2457 3107 pervenit,

1445 3120 1504 3162 ut
1530 3110 1668 3162 inter
1688 3122 1919 3182 quatuor
1939 3112 2139 3167 Baeticae
2163 3132 2457 3171 conventus

1442 3187 1889 3245 adnumeraretur.
1907 3192 2110 3245 Tiberii
2136 3214 2263 3248 vero
2297 3198 2464 3251 Caesa-

1442 3269 1519 3320 ris
1534 3282 1773 3340 tempore
1798 3269 1866 3322 ad
1892 3282 2049 3324 tantae
2073 3274 2320 3344 potentiae
2349 3278 2461 3330 cul-

1441 3366 1567 3400 men
1620 3362 1882 3413 evaserat,
1928 3362 1985 3401 ut
2028 3351 2218 3404 Strabo
2264 3356 2461 3409 scribat

1443 3428 1534 3480 lib.
1554 3426 1663 3489 111,
1678 3446 1785 3479 uno
1804 3446 1913 3481 suae
1926 3431 2093 3481 etatis
2112 3448 2289 3500 censu,
2302 3444 2466 3507 eque-

1444 3508 1565 3560 stris
1597 3506 1795 3560 ordinis
1816 3507 2107 3564 Gaditanos
2133 3512 2273 3565 viros
2310 3518 2460 3587 quin·

1443 3598 1629 3657 gentos
1676 3605 1785 3640 esse
1834 3606 2045 3653 censen
2068 3604 2198 3661 quot
2232 3592 2287 3646 in
2314 3596 2459 3649 nulla

1444 3666 1745 3719 Italicarum
1814 3668 2025 3721 urbium
2046 3710 2061 3734 ‚
2107 3684 2457 3747 preterquam

1445 3745 1643 3796 Patavii
1666 3786 1681 3809 ‚
1718 3747 1913 3818 reperti
1954 3760 2096 3801 sunt.
2142 3752 2201 3805 L.
2250 3754 2459 3807 Nonus

1445 3824 1594 3895 Hiep.
1638 3842 1756 3896 cap.
1794 3845 1855 3895 9,
1873 3846 1924 3897 p.
1952 3827 2034 3881 35.
2055 3859 2128 3870 -
2150 3836 2243 3881 Vel
2266 3847 2457 3884 cantum

1445 3908 1605 3955 decus.
1644 3902 1744 3956 Pro
1780 3922 1843 3957 eo
1864 3912 1950 3958 vel
1972 3922 2133 3958 tamen
2161 3914 2305 3961 decus
2326 3914 2459 3967 Ven.

1448 3980 1733 4035 mendose:
1754 3988 1843 4035 vel
1862 4003 1963 4055 pro
2000 4002 2049 4037 ee
2076 3982 2309 4059 positum
2348 4008 2460 4041 esse

1447 4060 1679 4126 videtur,
1700 4081 1849 4117 more
1867 4065 2181 4136 scriptorum
2203 4068 2459 4139 nequioris

1446 4139 1729 4194 latinitatis.
1748 4141 1876 4195 vid.
1914 4144 2121 4214 Pei-vig.
2140 4145 2277 4199 Ven.
2295 4164 2345 4199 v.
2372 4146 2457 4197 53.
