2996 4685
400 344 548 481 ⁶636

500 528 625 597 Vel
664 554 809 597 roi-e
848 532 1105 625 Stygias

874 410 1415 479 VARIORUM
1464 408 2042 478 AUCTORUM

1971 529 2002 559 4

499 637 1035 733 Vincibilemque
1071 642 1239 735 petit
1274 640 1676 736 clangorem.
1734 638 2006 731 Quippe
2049 658 2172 732 per
2216 634 2526 719 aethram,

502 749 655 837 Qua
696 749 959 819 citimus
1006 750 1189 821 limes
1225 751 1538 846 dispescit
1580 748 1848 819 turbida
1893 748 2118 841 puris,

502 857 831 927 Inviolata
876 876 1070 931 meat.
1114 862 1243 933 Sed
1282 878 1465 931 vasto
1503 885 1782 955 corpore
1817 858 2078 941 TelluS‚

504 971 672 1058 Quae
701 970 989 1042 medium
1018 988 1196 1043 tenet
1223 976 1355 1043 ima
1380 971 1612 1067 polum
1632 1026 1650 1058 ‚
1679 971 1842 1039 dum
1877 967 2128 1039 lumina
2157 965 2376 1037 fratris
2483 1002 2502 1025 ι

504 1080 777 1151 Detinet
813 1083 1190 1155 umbriferis
1230 1085 1451 1153 metis:
1484 1098 1627 1153 tum
1656 1080 1872 1149 sidere
1911 1103 2094 1147 casso

506 1190 815 1262 Pallescit
860 1208 1029 1263 teres
1071 1194 1309 1263 umbra
1346 1209 1546 1280 rotae,
1586 1192 1746 1261 dum
1787 1204 2080 1260 transeat
2115 1214 2304 1256 axem

506 1305 791 1397 Aggerei
828 1304 1016 1377 velox
1052 1304 1329 1389 tumuli,
1357 1304 1760 1398 speculoque
1801 1300 2048 1369 rotanti

506 1414 855 1483 Fraternas
892 1430 1153 1507 reparet
1192 1440 1314 1507 per
1346 1414 1578 1483 caelum
1617 1410 1823 1481 libera
1865 1410 2186 1479 flammas,

508 1520 639 1589 Sed
672 1546 804 1615 qua
838 1523 1007 1593 mira
1043 1539 1275 1618 putam,
1312 1550 1467 1609 cur,
1505 1548 1714 1617 quum
1755 1522 1854 1589 vis
1887 1520 2170 1588 maxima
2202 1516 2373 1586 Solis
2475 1537 2525 1575 ³0

510 1629 621 1697 Bis
664 1632 889 1699 novies
924 1633 1138 1726 major
1174 1633 1424 1719 clueat,
1453 1658 1656 1727 quam
1695 1647 1950 1702 terreus
1980 1629 2196 1713 orbi5‚

511 1740 663 1807 Non
699 1740 1175 1837 circumcingat
1212 1758 1556 1813 terrestres
1599 1742 1852 1811 lumine
1885 1754 2111 1808 metas.

509 1850 712 1917 Sume
746 1866 963 1921 ratum
1002 1855 1277 1923 rationis
1309 1878 1515 1949 opus:
1559 1856 1842 1946 namque
1878 1849 2142 1943 adspice
2175 1847 2503 1916 Phoebum
2525 1900 2544 1933 ‚

512 1958 734 2046 Quam
776 1960 1075 2033 sublimis
1110 1980 1217 2033 eat
1250 1989 1544 2034 convexa
1585 1988 1706 2057 por
1743 1986 1950 2031 aurea
1989 1958 2268 2045 mundi3

519 2068 873 2165 Quamque
910 2073 1229 2143 humilem
1266 2090 1514 2144 terram
1552 2072 1895 2143 collustret
1929 2070 2238 2141 curribus
2273 2064 2442 2137 altis.
2496 2092 2546 2131 ³⁵

519 2178 645 2258 Hic
684 2180 915 2273 ingens
960 2197 1320 2277 utcumque
1361 2184 1526 2253 libet
1563 2182 1663 2251 vel
1706 2184 1992 2275 desuper
2029 2182 2212 2275 ignes

374 2471 381 2478 ,
424 2415 641 2488 Proprie
650 2417 801 2472 Luna
814 2417 1010 2474 deduci
1018 2420 1235 2474 dieitur:
1250 2431 1309 2474 ut
1322 2439 1447 2492 saga

423 2493 631 2556 mulier,
657 2494 815 2569 hujus
836 2517 925 2570 op.
949 2511 1079 2553 tom.
1098 2500 1183 2552 111
1198 2538 1215 2565 ,
1238 2519 1291 2570 p.
1312 2501 1444 2554 303:

424 2599 449 2618 e·
468 2574 635 2627 Lunae
672 2574 943 2630 descendit
980 2578 1159 2650 imago
1184 2579 1447 2636 Carmini-

426 2651 528 2706 bus
554 2651 780 2710 deducta
806 2659 934 2714 meis
950 2685 971 2706 ι
988 2697 1005 2723 ,
1028 2659 1121 2712 ubi
1140 2659 1247 2712 vid.
1272 2659 1445 2714 citata.

426 2731 649 2787 Ovidius
673 2747 851 2790 tamen
866 2776 882 2802 ,
910 2739 1128 2794 Metam.
1144 2739 1288 2802 v11,
1311 2757 1409 2809 ²⁰7
1430 2757 1442 2791 :

430 2835 455 2855 e«
482 2811 562 2864 Te
586 2833 801 2887 quoque
820 2855 836 2880 ,
872 2817 1054 2883 Luna,
1088 2817 1241 2870 traho
1256 2845 1295 2870 n.
1340 2820 1451 2872 Sta.

428 2891 534 2946 tim
571 2899 717 2948 avelli
747 2896 905 2963 dixit,
930 2899 1100 2952 Theb.
1130 2897 1213 2950 v1
1236 2937 1252 2962 ,
1299 2900 1402 2952 685
1431 2915 1444 2949 ε

430 2998 455 3018 α
477 2971 729 3026 adtonitis
767 2976 973 3047 quoties
1015 2976 1260 3030 avellitur
1297 2977 1449 3030 astris

428 3051 563 3104 Solis
597 3071 763 3126 opaca
804 3075 952 3110 soror
970 3083 1011 3108 a.
1040 3087 1108 3098 --
1158 3062 1199 3106 Ε
1234 3060 1448 3124 speculo.

432 3131 649 3186 Veteres
702 3134 909 3188 Lunam
929 3177 944 3202 ‚
1002 3134 1271 3208 quoddam
1328 3135 1450 3188 solis

428 3213 705 3282 speculum
722 3251 738 3277 ,
774 3214 1083 3286 vultumque
1118 3214 1171 3266 in
1202 3233 1263 3268 ea
1284 3215 1451 3284 nigri-

431 3302 641 3346 cantem
682 3305 735 3346 et
771 3294 1049 3360 liventem,
1083 3295 1261 3364 magni
1296 3291 1453 3346 maris

432 3368 711 3442 imaginem
754 3373 1116 3439 crediderunt,
1144 3386 1203 3425 ut
1243 3391 1305 3424 ex
1340 3372 1455 3426 Plu-

434 3451 617 3505 tarcho
640 3455 859 3525 exponit
874 3455 1173 3508 Turnebus.
1192 3454 1297 3506 En.

504 3549 587 3584 21.
640 3537 734 3584 Vel
782 3553 893 3584 rore
940 3535 1149 3602 Stygias.
1204 3530 1453 3584 Barthius

434 3607 575 3662 hanc
626 3610 905 3664 lectionem
962 3611 1269 3666 mendosam
1310 3607 1453 3681 judi-

435 3700 551 3754 cat,
574 3701 627 3742 et
660 3691 867 3760 reponit
899 3695 1104 3750 Iaethoeo,
1150 3689 1231 3744 vel
1254 3695 1454 3742 ‹Ha-mo-

436 3771 537 3828 nio,
560 3767 705 3839 quod
729 3769 971 3822 ultimum
994 3770 1181 3842 probat
1202 3770 1457 3820 Burman-

440 3865 557 3900 nus.
600 3847 687 3902 Sic
714 3867 841 3920 ergo
870 3867 1051 3902 versus
1088 3850 1375 3918 refingatur
1406 3859 1456 3898 et

436 3925 615 3980 hiatus
644 3927 955 3998 expleatur:
992 3953 1019 3974 αι
1040 3926 1313 3980 Haemonio
1340 3925 1457 3997 sty-

438 4005 548 4076 gias
570 4007 767 4062 saniem
796 4005 1073 4076 despumat
1110 4005 1165 4058 in
1197 4005 1389 4057 herbas
1413 4029 1455 4056 ι.

441 4085 667 4138 Imitatio
692 4086 893 4140 Lucani
907 4085 1013 4148 ‚VI
1028 4123 1043 4146 ,
1076 4083 1203 4148 506,
1222 4083 1289 4136 de
1310 4083 1457 4136 Luna

444 4164 675 4217 carmine
700 4166 910 4238 magico
938 4182 1001 4216 ex
1038 4163 1163 4216 caelo
1196 4160 1421 4217 deducta
1448 4178 1461 4212 :

1533 2449 1564 2466 a
1584 2422 1650 2472 Et
1675 2421 1880 2491 patitur
1914 2431 2089 2473 tantos
2125 2430 2284 2472 cantu
2309 2415 2556 2488 depressa

1535 2501 1742 2552 labores
1758 2540 1774 2565 ,
1799 2503 1982 2553 Donec
2011 2498 2308 2572 suppositas
2335 2493 2558 2567 propior

1539 2577 1814 2652 despumet
1863 2579 1920 2631 in
1965 2577 2156 2632 herbas
2178 2602 2224 2630 -.
2265 2573 2517 2646 Apuleius
2539 2609 2556 2634 ,

1535 2657 1888 2730 metamorph.
1903 2659 1957 2724 1,
1975 2675 2094 2729 pag.
2111 2657 2140 2710 3
2159 2655 2293 2708 Prie.
2311 2679 2337 2700 ι
2351 2649 2560 2723 mngico

1537 2739 1898 2792 susurramine
1932 2755 2112 2790 amnes
2143 2735 2304 2808 agiles
2331 2729 2558 2795 reverti,

1633 2819 1808 2872 Solem
1837 2816 2094 2880 inhiberi,
2133 2817 2342 2868 Lunam
2367 2812 2564 2883 despu-

1542 2899 1674 2951 mati
1703 2925 1743 2950 υ.
1767 2897 1872 2950 ED-

1612 2997 1692 3030 υ.
1717 2969 2097 3040 Vincibiler'nque
2109 2974 2236 3040 petit
2255 2975 2557 3038 clangorem.

1537 3057 1787 3110 Sciebant
1835 3053 2028 3124 pagani
2079 3051 2350 3106 laborante
2409 3049 2562 3100 Luna

1541 3153 1642 3188 era
1687 3143 1965 3204 percutere
1981 3169 1998 3192 ‚
2045 3131 2120 3182 sic
2165 3139 2412 3202 putantes
2447 3129 2565 3198 ejus

1539 3211 1774 3284 deliquio
1797 3227 2140 3272 succurrere3
2169 3207 2312 3260 unde
2345 3225 2452 3258 aera
2475 3205 2562 3258 illa

1542 3296 1730 3344 labores
1787 3292 1951 3344 Lunoe
2006 3290 2246 3342 minuere
2315 3286 2568 3338 dicuntur

1539 3370 1756 3437 ovidio,
1777 3371 1910 3424 Met.
1932 3369 2040 3422 vu
2061 3409 2078 3433 ‚
2113 3369 2230 3422 208.
2253 3368 2378 3432 Quo
2403 3363 2565 3435 respi-

1542 3452 1616 3504 cit
1639 3451 1839 3503 Tibull.
1865 3451 1950 3502 El.
1979 3451 2006 3502 Ι
2028 3486 2043 3511 ,
2073 3469 2106 3516 9
2125 3489 2142 3512 ,
2181 3465 2283 3500 22:
2315 3471 2341 3492 n
2366 3444 2566 3497 Cantus

1544 3543 1596 3584 et
1616 3549 1646 3582 e
1673 3547 1836 3582 curru
1859 3529 2066 3582 Lunam
2096 3526 2360 3580 deducere
2377 3531 2566 3584 tentat,

1543 3609 1610 3662 Et
1631 3609 1824 3661 faceret
1843 3647 1859 3673 ,
1901 3607 1946 3662 si
1981 3625 2088 3660 non
2117 3625 2222 3660 ara
2248 3602 2462 3676 repulsa
2487 3617 2568 3652 so·

1541 3701 1670 3742 nent
1694 3713 1735 3739 ι..
1790 3688 2038 3740 Vineibilis
2087 3690 2302 3753 clangor
2347 3693 2427 3736 est
2471 3679 2569 3750 qui

1545 3768 1758 3820 vincere
1803 3777 1971 3838 potest
2017 3775 2064 3817 et
2117 3765 2302 3818 inanes
2349 3757 2572 3814 reddere

1546 3847 1776 3917 magicas
1803 3845 2204 3900 incantationes.
2237 3843 2342 3894 En.

1619 3925 1702 3978 30.
1741 3929 1840 3976 Sed
1873 3943 1972 3991 qua
2011 3926 2140 3975 mira
2170 3935 2334 3988 putas.
2381 3915 2573 3970 Melius

1547 4009 1647 4054 Sed
1674 4009 1794 4072 qm'a
1819 4002 1980 4056 edidit
2007 4002 2254 4070 Scaliger.
2289 3999 2394 4050 En.

1623 4084 1706 4136 36.
1733 4087 1822 4136 Hic
1841 4086 2018 4150 ingens
2039 4097 2292 4148 unctamque
2311 4080 2440 4137 libet,
2466 4077 2502 4127 i.
2527 4091 2572 4124 e.

1555 4163 1804 4216 maxime.
1835 4163 1937 4214 En.
