2996 4685
767 366 906 435 AD
956 363 1256 432 ORAM
1305 365 1935 435 MARITIMAM.
2280 365 2411 438 511

268 487 843 576 Septemtrionum
867 506 1006 548 esse
1030 482 1424 564 crederetur,
1451 507 1595 572 quae
1618 502 1773 550 sunt
1798 486 1949 574 ipsae
1972 487 2182 553 noctis
2206 487 2387 554 sedes
2401 539 2422 574 ,

269 587 554 676 quando
595 586 731 651 dies
766 587 836 650 in
877 583 1227 649 meridiana
1261 601 1326 649 et
1365 584 1649 650 habitata
1680 601 1861 673 parte
1894 603 2077 650 terrae
2122 605 2241 653 est.
2276 589 2415 653 Jam

269 692 406 778 qui
436 713 473 753 a
513 705 681 754 meta
712 689 862 752 solis
903 708 1204 751 occasum
1236 708 1458 751 versus
1504 685 1865 774 profluebat
1898 687 2285 772 Rhodanus,
2327 692 2420 756 fa·

267 791 524 856 cillime
541 814 660 880 pro
679 789 810 853 fine
834 805 1019 853 terrae
1040 787 1338 854 habitatae
1358 787 1583 868 haberi
1604 788 1684 852 ab
1708 787 1855 852 rudi
1874 791 2119 878 populo
2139 807 2409 878 poterat.

268 891 693 956 Confirmant
727 913 830 970 ea,
863 911 1007 977 quae
1039 889 1420 977 Apollonius
1451 887 1703 978 prodit,
1736 889 1816 953 ab
1849 912 2080 954 occasu
2110 893 2411 958 Rhodani

268 1010 524 1058 terram
559 991 828 1056 lacubus
867 991 1176 1078 repletam
1214 1013 1380 1071 esse,
1413 1013 1657 1078 eosque
1700 991 1875 1054 lacus
1907 1013 2059 1055 cum
2090 992 2411 1060 Rhodano

265 1115 469 1180 aeque
497 1115 574 1156 ac
608 1093 872 1156 Oceano
904 1114 984 1156 ex
1019 1091 1216 1156 altera
1242 1107 1425 1178 parte
1451 1091 1723 1156 misceri.
1755 1092 1909 1156 Haec
1940 1109 2113 1158 certe
2139 1094 2412 1178 docent,

265 1194 368 1259 de
422 1194 796 1284 regionibus
816 1242 834 1275 ‚
890 1215 1033 1280 quae
1086 1194 1254 1256 ultra
1308 1193 1703 1257 Rhodanum
1762 1211 2004 1276 essent,
2065 1195 2408 1261 obscuram

263 1311 533 1359 tantum
554 1296 789 1359 famam
805 1294 1106 1358 habuisse
1125 1295 1388 1358 Veteres
1401 1343 1418 1371 ,
1445 1310 1510 1358 et
1532 1295 1680 1381 quia
1701 1295 1986 1360 sciebant
2002 1343 2021 1376 ,
2042 1298 2410 1386 frequentes

263 1397 374 1460 ibi
405 1399 582 1462 lacus
617 1419 768 1460 cum
800 1396 1075 1485 ipsoque
1107 1393 1426 1459 Rhodano
1462 1395 1848 1477 conjunctos
1885 1421 2058 1480 esse,
2094 1398 2249 1462 hinc
2282 1424 2413 1464 cre-

261 1496 547 1578 didisse,
572 1498 748 1562 lacus
768 1498 928 1562 istos
955 1514 1068 1561 aut
1089 1497 1483 1585 principium
1510 1519 1647 1562 esse
1668 1498 1905 1561 Oceani
1930 1515 2163 1562 terram
2186 1499 2412 1566 finien-

261 1599 359 1662 tis
379 1646 398 1680 ,
437 1615 552 1662 aut
585 1615 758 1663 certe
799 1616 1036 1663 terram
1078 1599 1472 1686 inhospitam
1510 1616 1575 1663 et
1606 1599 2091 1664 inhabitabilem
2120 1601 2409 1668 reddere.

257 1701 440 1764 Mihi
473 1723 610 1764 non
642 1715 739 1764 est
769 1698 1042 1764 dubium
1063 1747 1081 1780 ‚
1114 1722 1151 1762 a
1177 1715 1430 1762 vetusta
1461 1699 1569 1762 illa
1599 1699 1941 1786 opinione,
1975 1699 2056 1762 de
2086 1699 2408 1765 Rhodano

257 1819 460 1866 terrae
491 1801 855 1866 habitabilis
882 1799 1044 1883 fine,
1071 1801 1436 1889 profectum
1473 1823 1646 1882 esse,
1688 1799 1868 1888 quod
1895 1802 2235 1890 Virgilius,
2272 1803 2408 1865 Ho-

259 1925 528 1968 merum
563 1904 746 1969 Iliad.
782 1903 1039 1983 XVIII,
1082 1901 1244 1989 576,
1285 1902 1607 1983 imitatus,
1644 1901 1819 1989 apud
1852 1902 2102 1966 Inferos
2148 1926 2405 1966 amnem

261 2006 546 2070 Eridani
581 2026 862 2093 superne
898 2026 1016 2092 per
1051 2004 1274 2068 silvam
1301 2003 1470 2068 volvi
1504 2002 1781 2085 diceret,
1814 2001 1967 2068 AEn.
2002 2005 2127 2085 VI,
2158 2003 2325 2089 659:

597 2213 1207 2233 ..................
1237 2175 1380 2229 unde
1405 2194 1631 2247 superne

583 2265 847 2318 Plurimus
875 2261 1092 2316 Eridani
1117 2279 1214 2333 per
1234 2260 1424 2314 silvam
1447 2261 1681 2314 volvitur
1706 2259 1894 2313 amnis.

253 2428 437 2493 Nam
475 2427 832 2493 Eridanum
873 2451 1026 2493 cum
1058 2426 1417 2508 Rhodano,
1450 2450 1646 2516 quem
1680 2428 2006 2490 Homerus
2036 2424 2214 2491 dicto
2254 2426 2401 2491 loco

258 2529 610 2593 nominare
631 2528 911 2609 videtur,
944 2552 1112 2616 saepe
1142 2553 1178 2591 a
1208 2529 1552 2593 Veteribus
1585 2531 1935 2591 confusum
1974 2550 2144 2609 esse,
2180 2529 2399 2594 multis

261 2629 736 2694 demonstravit
773 2630 910 2692 Jan.
948 2630 1366 2718 Rutgersius‚
1399 2630 1549 2693 Var.
1594 2629 1735 2691 lect.
1781 2628 1889 2690 lib.
1924 2627 2047 2707 VI,
2100 2650 2153 2691 c.
2208 2632 2285 2705 4,
2337 2644 2401 2690 et

263 2733 452 2796 Cluv.
484 2730 704 2801 Germ.
728 2720 860 2792 ant.
889 2729 998 2792 lib.
1019 2730 1155 2805 111,
1184 2752 1238 2792 c.
1269 2728 1389 2811 34,
1417 2752 1479 2816 p.
1508 2726 1633 2791 635
1661 2726 1776 2814 (1).
1809 2726 2091 2807 Quando
2118 2726 2400 2813 denique

335 2962 414 3030 (1)
450 2957 602 3012 Paria
626 2958 738 3011 fere
764 2956 832 3010 de
858 2954 1092 3009 Eridano
1121 2953 1190 3008 ad
1217 2954 1427 3006 Inferos
1449 2954 1665 3007 labente
1682 2952 1870 3017 sentit,
1888 2966 2115 3021 eumque
2142 2948 2211 3001 ad
2236 2962 2400 3002 extre-

263 3064 380 3098 mos
411 3056 564 3098 terra
593 3042 820 3114 cognito
843 3042 977 3094 fines
999 3040 1162 3093 refert
1183 3040 1270 3093 Jo.
1295 3038 1460 3091 Henr.
1483 3036 1732 3101 Vossius,
1754 3036 1821 3087 V.
1850 3034 1916 3086 C.
1938 3034 1993 3085 in
2020 3034 2398 3086 commentario

269 3129 341 3183 ad
372 3128 670 3183 versionem
693 3127 873 3179 Germ.
907 3124 1292 3196 Georgicorum
1321 3121 1535 3193 Virgilii
1560 3161 1575 3187 ‚
1614 3138 1733 3192 pag.
1758 3120 1827 3188 67
1856 3136 1965 3188 seq.
1996 3117 2050 3169 in
2087 3117 2191 3170 hoc
2225 3130 2397 3169 tamen

267 3232 298 3267 a
323 3230 409 3265 me
435 3208 660 3265 discedit
683 3250 700 3275 ,
727 3208 876 3280 quod
907 3206 1198 3261 Eridanum
1221 3245 1238 3270 ,
1277 3224 1436 3277 quem
1465 3223 1572 3277 ego
1596 3204 1667 3257 de
1694 3202 1953 3256 Rhodano
1971 3242 1985 3267 ,
2012 3201 2100 3253 ille
2126 3198 2194 3253 de
2212 3199 2399 3253 Rheno

262 3292 659 3367 intelligendum
696 3302 862 3363 putat.
897 3291 1175 3343 Rationem
1198 3289 1470 3343 sententie
1493 3308 1601 3341 suae
1626 3286 1949 3360 precipuam
1977 3296 2159 3356 petere
2183 3282 2399 3336 videtur

263 3396 294 3429 a
312 3376 478 3431 Rheni
497 3376 552 3428 in
571 3376 847 3429 Oceanum
867 3372 1360 3445 septemtrionalem
1379 3390 1623 3427 exeun-sm
1642 3374 1689 3423 A
1720 3373 1877 3443 cujus
1896 3366 2045 3421 ostiis
2067 3386 2231 3439 quum
2250 3386 2399 3421 oram

261 3460 462 3513 Oceani
488 3456 934 3530 septemtrionalis
955 3456 1022 3509 ad
1041 3468 1300 3510 extremos
1329 3476 1496 3529 usque
1528 3456 1751 3527 Scythas
1780 3450 2131 3507 extenderent
2148 3452 2361 3506 Veteres
2379 3491 2397 3517 ‚

260 3543 328 3597 ad
360 3562 584 3616 eamque
618 3540 998 3615 perpetuarum
1037 3541 1378 3597 tenebrarum
1406 3542 1587 3595 sedem
1614 3553 1663 3593 et
1695 3540 2004 3591 umbrarum
2033 3555 2253 3609 regnum
2283 3555 2396 3591 esse

259 3625 678 3696 suspicarentur,
704 3627 832 3679 hinc
857 3637 1038 3696 poetas
1057 3665 1074 3692 ,
1104 3626 1176 3678 ait
1195 3664 1212 3691 ,
1249 3625 1303 3677 in
1335 3622 1686 3679 describendo
1719 3622 1946 3675 heroum
1976 3620 2043 3675 ad
2084 3620 2268 3673 Manes
2296 3618 2393 3674 de-

259 3728 474 3775 scemu,
491 3708 706 3763 Eridani
737 3709 1066 3763 mentionem
1095 3710 1268 3763 facere
1285 3747 1302 3773 ‚
1330 3709 1480 3781 quasi
1507 3708 1563 3759 in
1588 3704 1736 3759 aditu
1762 3706 2061 3758 Inferorum
2080 3705 2363 3777 strepentia
2379 3743 2394 3767 ,

258 3803 347 3845 aut
371 3792 528 3861 plane
549 3790 618 3845 ad
647 3792 863 3845 Inferna
889 3810 1052 3862 regna
1073 3790 1330 3844 devoluti.
1365 3788 1625 3862 Equidem
1646 3828 1661 3853 ,
1690 3788 1839 3861 quod
1871 3791 2181 3843 sententiam
2220 3789 2393 3861 ipsam

259 3873 488 3934 adtinet,
508 3892 614 3945 qua
639 3874 858 3928 Eridani
891 3874 1034 3947 apud
1065 3876 1274 3929 Inferoe
1305 3875 1505 3928 mentio
1534 3872 1858 3940 declaratur,
1888 3874 2005 3927 viro
2037 3872 2396 3926 eruditissimo

257 3958 428 4011 libens
449 3956 710 4023 adsentio,
730 3970 918 4012 catera
936 3972 1112 4012 tamen
1129 3970 1408 4031 poetarum
1423 3958 1491 4011 de
1508 3955 1743 4009 Eridano
1761 3968 2059 4010 commenta
2084 3957 2127 4008 si
2150 3955 2398 4026 dispicio,

257 4058 366 4095 non
391 4060 454 4095 ea
476 4040 726 4096 videntur
741 4041 1024 4117 ejusmodi,
1047 4054 1106 4096 ut
1126 4042 1342 4095 Rhenus
1367 4060 1434 4095 eo
1455 4040 1668 4095 nomine
1689 4041 1911 4112 spectari
1932 4040 2185 4112 potuerit.
2212 4038 2397 4091 Erida-

258 4145 384 4179 num
406 4126 474 4179 ita
502 4126 786 4192 collocant,
823 4138 881 4179 ut
913 4145 1022 4179 non
1049 4139 1154 4179 tam
1193 4126 1637 4198 septemtrionem
1677 4144 1741 4177 eo
1777 4123 1971 4194 signari
1998 4122 2196 4188 velint,
2232 4136 2396 4190 quam
