2996 4685
562 301 697 401 572
974 331 989 340 ·
1318 305 1399 371 R.
1452 306 1528 371 F.
1581 248 1930 373 Av'mm

650 430 886 518 Puppe
918 424 1373 520 refulgentem.
1410 426 1652 519 Neque
1685 426 1866 495 enim
1903 450 1974 493 se
1998 424 2309 493 Thessala
2361 426 2590 519 cymba

655 534 929 605 Solenni
964 538 1035 603 in
1072 534 1307 603 faciem
1342 549 1671 605 monstrat
1707 560 1916 603 more.
1951 534 2216 603 Extima
2257 536 2518 629 puppis

656 649 955 741 Surgunt
998 648 1308 718 Oceano:
1334 644 1520 715 velut
1553 644 1692 715 aito
1729 672 1770 715 a
1809 632 2072 741 gurgite
2115 661 2338 714 nautae

658 756 888 844 Quum
924 771 1197 851 portum
1232 770 1546 840 tenuere,
1583 755 1761 825 avidi
1807 754 2155 825 volitantia
2190 740 2478 850 raptim*
2615 793 2675 832 70-

657 866 890 961 Sipara
926 881 1365 952 convertunt;
1384 881 1782 962 tergumque
1819 867 1894 935 iu
1927 892 2132 935 curva
2169 866 2478 936 remulco

656 978 885 1045 Litora
919 979 1221 1048 certatim
1262 977 1552 1047 subeunt
1588 975 1807 1046 simul.
1842 975 1964 1047 Illa
2006 978 2298 1046 marinas

655 1092 800 1157 Jam
846 1088 1159 1159 defuncta
1188 1090 1331 1157 vias
1372 1089 1606 1183 procul
1644 1090 1762 1159 imi
1813 1089 2025 1159 litoris
2057 1090 2238 1184 algas

654 1199 838 1267 Pone
866 1200 1042 1267 'subit
1065 1251 1082 1283 ‚
1112 1213 1491 1293 terramque
1533 1216 1768 1270 tenens
1805 1226 2035 1272 secura
2065 1202 2370 1297 quiescit.

654 1307 765 1377 Sic
794 1311 977 1403 Argo
1008 1307 1277 1378 rutilam
1314 1324 1578 1381 tantum
1610 1313 1788 1380 inter
1821 1311 2046 1381 sidera.
2081 1314 2366 1406 puppim

656 1420 901 1505 Ducit,
930 1434 1001 1489 et
1035 1418 1327 1490 occulta—t
1368 1421 1587 1515 rigido
1625 1436 1822 1491 tenus
1861 1422 2074 1493 altera
2114 1421 2310 1495 malo.

657 1530 911 1620 Sponte
947 1529 1429 1624 gubernaclum
1466 1534 1717 1627 puppis
1747 1533 2028 1603 dimittit
2071 1535 2142 1601 in
2177 1534 2396 1604 undas

658 1637 939 1727 Celsior,
966 1666 1047 1709 ac
1076 1666 1295 1711 merso
1326 1641 1668 1712 deseendit
1703 1645 1776 1712 iu
1807 1668 2078 1737 aequora
2115 1642 2322 1713 olavo.

1498 1822 1764 1867 CETOS.

751 1957 1127 2026 Distantem
1162 1957 1661 2028 Andromedam
1699 1958 1941 2052 prolixi
1981 1961 2250 2028 tramite
2287 1956 2523 2028 mundi
2543 2009 2565 2039 ‚

658 2070 993 2137 Pei-terret
1022 2070 1241 2138 Cetos.
1274 2072 1451 2140 Nam
1482 2068 1770 2138 Threicii
1817 2094 2030 2164 prope
2065 2068 2276 2138 flabra

658 2176 1155 2247 Andromedam
1190 2180 1417 2248 Boreae
1450 2178 1629 2248 celso
1668 2195 1844 2249 rotat
1880 2180 2126 2249 aethere
2157 2180 2400 2249 cardo:

654 2284 884 2356 Bellus
922 2284 1067 2356 dira
1102 2288 1284 2358 Noto
1315 2287 1617 2381 vehitur3
1651 2289 1860 2360 trahit
1889 2292 2135 2360 Auster
2170 2290 2243 2359 in
2269 2292 2522 2360 Arcton

659 2400 801 2467 Ora
843 2398 1113 2467 inimica
1154 2398 1328 2487 salo;
1355 2425 1510 2469 nam
1551 2425 1684 2496 qua
1722 2427 1790 2472 se
1832 2401 2088 2496 laniger
2125 2399 2262 2470 alto

660 2505 838 2576 Caelo
866 2509 1056 2577 Aries
1085 2507 1259 2578 tollit
1280 2565 1299 2597 ‚
1324 2537 1455 2605 qua
1492 2513 1792 2582 Piscibus
1830 2528 2004 2581 astra
2043 2511 2310 2580 duobus

556 2735 611 2787 in
628 2734 807 2806 quohi
828 2753 1011 2789 versus
1026 2736 1211 2789 Arvieni
1231 2737 1413 2791 inserti
1436 2749 1578 2790 sunt.
1673 2735 1818 2789 «Vos
1831 2736 2024 2789 summi
2049 2733 2316 2788 adnectite
2337 2733 2506 2806 sipara
2529 2728 2620 2784 veli
2636 2752 2669 2776 ·-

562 2814 770 2885 Vulgo:
792 2817 1031 2885 «premit
1045 2826 1220 2870 autem
1230 2816 1397 2868 Sirius
1414 2835 1510 2870 ore
1529 2841 1575 2867 n.
1667 2815 1858 2870 Cicero
1889 2814 1958 2870 de
1985 2833 2137 2886 prov.
2181 2833 2330 2870 cons.
2362 2831 2408 2868 e.
2439 2817 2508 2868 60
2525 2851 2540 2876 ‚
2583 2823 2663 2879 ΡΝ

632 2893 755 2964 757.
770 2899 943 2964 Neque
954 2897 1081 2946 enim
1096 2915 1149 2947 se
1162 2897 1393 2948 messala
1410 2899 1583 2961 cymba
1667 2897 1785 2948 velo
1805 2895 2021 2948 mimico
2045 2895 2269 2966 sumpsit
2283 2931 2301 2958 ,
2322 2893 2464 2946 etita
2483 2902 2670 2964 quoqne

561 2977 759 3026 Solenni
798 2977 849 3025 in
880 2975 1074 3042 fc'tct'em
1128 2989 1369 3027 monstrat
1409 2995 1543 3027 more
1560 2996 1579 3035 ‚⁰
1667 2975 1852 3028 Festus
1891 2976 2264 3044 interpretatus
2307 2985 2403 3026 est.
2451 2971 2533 3026 cf.
2553 2969 2670 3021 Tur-

558 3055 745 3104 exeima
762 3055 939 3120 puppis
954 3057 1166 3120 Surgunt
1184 3059 1397 3115 Oceano,
1421 3059 1578 3106 velut.
1667 3054 1793 3108 nebi
1813 3052 1946 3106 Adv.
1970 3053 2105 3106 XXI
2119 3091 2135 3117 ,
2162 3059 2214 3116 4.

550 3133 639 3186 Sic
650 3132 866 3184 Grotius
881 3133 1061 3184 locum
1072 3132 1360 3186 constituit.
1376 3133 1575 3205 Vulgo:
1737 3136 1865 3204 761,
1902 3135 2023 3201 762.
2061 3137 2314 3201 Tergaque
2349 3136 2401 3183 in
2441 3147 2578 3181 cnm
2615 3143 2670 3174 re-

558 3239 581 3260 ι
604 3230 775 3284 neque
818 3210 962 3264 enim
1008 3229 1066 3264 se
1097 3210 1350 3266 Thessala
1378 3211 1576 3285 cymba
1665 3217 1826 3266 maleo
1847 3216 2024 3264 Lieom
2046 3215 2278 3264 certatim
2303 3215 2508 3264 subeunt
2531 3207 2665 3260 siaul.

557 3290 774 3346 solenni
811 3291 867 3343 in
900 3289 1093 3344 faciem
1128 3305 1364 3344 monstro
1398 3303 1578 3344 movet
1665 3293 1882 3345 Dubitat
1905 3291 2124 3344 Grotius
2141 3331 2156 3356 ,
2194 3287 2472 3362 quomodo
2503 3283 2672 3340 dixerit

560 3372 750 3426 extima
807 3371 1019 3444 puppis.
1078 3371 1311 3442 Surgunt
1362 3371 1582 3424 Oceano·
1665 3373 1898 3426 Avienus
1937 3387 2072 3439 tergo
2109 3375 2353 3430 remulco,
2409 3385 2573 3441 quum
2612 3379 2668 3410 re·

560 3451 708 3504 velut
744 3451 852 3505 alto
897 3470 926 3504 a
954 3451 1161 3522 gurgite
1199 3462 1372 3504 nauto
1392 3475 1436 3504 a.
1477 3451 1577 3502 Ed.
1667 3457 1824 3504 malco
1877 3451 1922 3503 si
1957 3450 2374 3505 substantivum.
2419 3447 2521 3502 Ed.
2559 3439 2660 3498 Ald-

560 3530 681 3583 Ald.
710 3535 930 3592 solenne,
978 3549 1091 3584 nou
1134 3529 1295 3582 male.
1328 3531 1412 3584 Ita
1452 3531 1580 3584 ovi·
1665 3533 1828 3584 habet
1852 3557 1874 3577 ι
1898 3543 2214 3602 tergumque
2231 3531 2290 3584 in
2311 3547 2478 3584 curva
2493 3521 2669 3580 remul-

559 3611 681 3664 diua
700 3612 749 3674 ξπ
776 3629 910 3660 mar-e
938 3613 1106 3681 proin
1134 3612 1265 3662 mari
1288 3609 1478 3682 posuit.
1670 3630 1734 3664 oo
1752 3635 1795 3664 ο.
1817 3613 1975 3664 Recte
1993 3648 2010 3674 ‚
2043 3623 2103 3662 ut
2131 3629 2316 3664 sensus
2341 3611 2442 3663 sit:
2475 3635 2500 3656 ι
2521 3606 2667 3660 utera

630 3693 751 3758 760.
768 3691 914 3740 Avidi
925 3693 1192 3742 volitantia
1206 3693 1387 3758 raptint
1402 3693 1584 3758 St'para
1673 3691 1899 3742 subeunt
1924 3689 2168 3744 certatim
2195 3702 2403 3762 tergum
2443 3686 2586 3741 navis
2609 3699 2670 3734 1²²·

565 3781 858 3820 convertunt.
882 3770 1109 3834 Siparum
1130 3767 1281 3821 estid
1300 3807 1317 3832 ‚
1340 3769 1487 3840 quod
1503 3789 1590 3822 ve-
1678 3770 1856 3822 mulco
1875 3795 1913 3821 ι.
1972 3768 2138 3821 Trahi
2181 3767 2425 3822 remulco
2465 3765 2669 3818 dicitur·

563 3847 628 3902 lis
652 3844 970 3910 adnectitur,
992 3864 1158 3918 grece
1184 3846 1397 3918 σίφαρον.
1418 3849 1588 3900 Luca·
1677 3867 1844 3919 quum
1883 3848 2031 3901 navis
2071 3866 2265 3919 magna
2293 3846 2504 3918 scapha
2547 3839 2674 3897 remi-'0

566 3945 667 3980 nus
682 3967 697 3992 ,
743 3923 976 3977 Pharsal-
1024 3926 1097 3988 V,
1138 3933 1239 3996 4²9
1260 3945 1293 3996 :—
1309 3954 1334 3974 ‹-
1375 3927 1587 4000 imsque
1676 3928 1888 3982 ducitur
1907 3965 1924 3993 ‚
1959 3939 2208 3982 monente
2244 3927 2415 3980 Festo.

565 4005 806 4079 pandens
840 4003 1021 4076 sipara
1051 4004 1287 4060 velorum
1321 4005 1588 4077 perituras
1749 4027 1869 4078 77²·
1895 4003 2334 4059 Tralaie'Ameer-ekz
2354 3995 2672 4056 Amomvul·

568 4085 765 4158 colligit
782 4103 935 4138 auras
949 4110 989 4136 υ.
1010 4083 1136 4138 Stat.
1152 4084 1281 4140 silv.
1300 4086 1383 4136 111
1397 4123 1414 4150 ,
1434 4107 1485 4150 η,
1503 4105 1586 4156 ²7³
1680 4107 1746 4158 go
1767 4092 1816 4138 in
1840 4095 2008 4138 Arcto.
