2996 4685
963 394 1169 460 ORA
1219 391 1781 459 MARITIMA.

2302 389 2445 484 489

510 514 1018 598 Disterminari3
1049 511 1318 584 Phileus
1355 512 1485 582 hoc
1524 535 1929 606 quamquam
1969 527 2155 580 vetus
2370 537 2446 576 σεε

511 631 785 695 Putasse
817 623 994 693 dicat
1029 621 1316 693 incolas:
1364 622 1706 716 despectui

516 735 916 828 Derisuique
957 733 1217 802 inscitia
1254 733 1395 802 baec
1437 732 1523 800 sit
1556 731 1876 816 barbara,

513 851 598 916 Et
641 841 1090 941 compete[nt‘e
1123 843 1505 914 denotetur
1531 839 1870 938 nomina]

388 1033 398 1050 ι
511 959 764 1026 Cursus
787 955 1050 1028 carinae
1095 953 1304 1022 biduo
1342 969 1410 1022 et
1447 954 1747 1022 binoctio
1786 967 1914 1020 est:

512 1068 696 1134 Gens
739 1065 900 1134 hinc
935 1065 1246 1158 Veragri,
1271 1065 1691 1159 Bergineque
1732 1062 1999 1148 civita3‚
2373 1089 2449 1139 σε»

510 1175 732 1270 Salyes
773 1190 1066 1256 atroces,
1110 1175 1438 1270 oppidum
1474 1173 1917 1243 Mastramelae

503 1288 804 1356 Priscum
850 1285 1148 1380 paludis,
1185 1301 1370 1379 terga
1412 1284 1662 1354 celsum
1702 1283 2124 1379 prominenS‚

390 1519 509 1574 685.
535 1523 723 1572 Phileas
747 1537 933 1574 omnes
963 1519 1083 1572 edd.
1113 1519 1340 1580 habent,

319 1611 370 1650 et
394 1600 466 1650 sic
487 1599 754 1671 scripsisse
778 1599 1063 1666 Avienum,
1079 1597 1236 1651 metri
1255 1597 1344 1650 lex

319 1677 539 1748 probat,
572 1697 898 1750 quamquam
932 1677 1151 1750 vulgare
1183 1675 1346 1749 hujus

319 1756 672 1828 antiquissimi
697 1757 1002 1830 Geographi
1024 1774 1218 1810 nomen
1239 1759 1348 1807 Plu·-

321 1841 426 1888 lsas
447 1848 523 1888 est
541 1873 556 1898 ,
593 1855 624 1888 a
642 1837 838 1890 Nostro
857 1837 1014 1890 etiam
1036 1848 1346 1908 usurpatum

326 1935 376 1966 v.
392 1914 476 1979 43.
489 1915 617 1986 Ejus
633 1917 889 1988 πιρίπλους
909 1917 1032 1968 citat
1047 1915 1346 1988 Stephanus

323 1993 380 2046 in
413 1983 609 2062 Ᾰνδρίαι·
643 1994 837 2047 librum
865 1994 934 2048 de
953 1995 1076 2048 Asia
1099 1995 1341 2048 Macrob.

323 2074 620 2136 &turn-V,
653 2094 733 2128 20.
773 2073 903 2127 vid.
935 2075 1084 2128 Voss.
1119 2073 1185 2126 de
1209 2075 1343 2127 Hist.

327 2151 420 2204 Gr.
449 2151 539 2203 lib.
558 2153 644 2204 111
664 2194 678 2221 ,
710 2173 762 2225 p.
785 2161 908 2216 401.

394 2232 514 2284 688.
543 2231 715 2302 Hujus
739 2251 921 2285 versus
943 2231 996 2283 in
1026 2231 1348 2285 editionibus

323 2311 403 2363 hae
452 2322 660 2365 tantum
707 2311 941 2384 reliquia
990 2323 1194 2365 exstant
1225 2330 1240 2364 ε
1285 2318 1350 2364 Ee

325 2407 540 2460 compete
556 2412 574 2442 .-
615 2411 714 2445 nos
755 2390 1118 2463 supplevimus
1161 2411 1191 2445 e
1227 2411 1348 2447 con·

317 2470 562 2541 iectura:
631 2475 696 2521 Ec
744 2485 1042 2539 competente
1098 2476 1352 2523 denotetur

325 2568 542 2601 nomene.

398 2631 518 2695 690.
558 2633 690 2678 Gens
735 2632 849 2679 hinc
880 2631 1085 2679 nearchi
1120 2629 1256 2681 Ven.
1298 2643 1350 2683 et

329 2705 464 2757 Pith.
484 2706 707 2759 Vossius
741 2706 808 2758 ad
837 2706 1062 2771 Melam,
1088 2726 1210 2779 pag.
1236 2711 1354 2777 175,

331 2785 633 2839 emendavit
662 2788 794 2837 Gens
828 2789 906 2837 hie
937 2790 1174 2855 Veragri,
1191 2807 1353 2859 quem

331 2878 580 2938 sequutus
605 2877 685 2919 est
711 2865 878 2919 Huds.
909 2868 1023 2918 lu'nc
1055 2883 1232 2919 tamen
1255 2868 1356 2939 pri·

333 2964 533 2997 marum
557 2943 681 2998 edd.
701 2958 899 2999 temere
918 2946 976 2999 in
996 2948 1074 2997 Ιιὶσ
1094 2957 1356 3000 mutatum

331 3022 558 3077 videtur.
587 3031 801 3093 Ver-agn·
816 3037 940 3079 sunt
961 3025 1192 3097 populus
1213 3026 1355 3097 Alpi-

331 3122 460 3167 nus,
486 3123 600 3155 non
632 3106 820 3175 procul
846 3125 874 3156 a
899 3104 1136 3159 fontibus
1155 3103 1357 3159 Rhoda-

335 3180 390 3232 ni
413 3219 428 3243 ‚
453 3182 647 3252 quibus
673 3184 850 3236 nescio
867 3224 881 3249 ,
921 3202 989 3237 an
1021 3196 1204 3255 postea
1231 3187 1358 3239 satis

338 3259 616 3313 commode
635 3261 816 3334 Salyes
837 3266 1246 3335 conjungantur,
1266 3262 1362 3335 qui

336 3338 404 3391 ab
429 3338 544 3391 istis
573 3339 880 3393 remotiores
904 3360 1073 3414 prope
1107 3340 1174 3396 ad
1209 3362 1360 3395 oram

337 3418 655 3471 maritimam
693 3430 744 3470 et
775 3419 1060 3472 Massiliam
1097 3422 1362 3475 colebant.

337 3500 550 3567 Bergine
572 3498 752 3551 civitas
773 3499 955 3571 ignota
975 3500 1092 3554 aliis
1111 3520 1126 3563 ς
1149 3500 1242 3555 sed
1263 3521 1360 3555 no·

339 3594 460 3629 men
488 3575 622 3630 illud
662 3588 860 3631 restare
897 3598 926 3631 e
969 3578 1148 3632 fabula
1185 3592 1236 3633 et
1262 3600 1362 3633 no-

341 3654 480 3708 mine
495 3654 788 3727 Bergionis,
819 3656 1054 3729 Neptuni
1080 3658 1198 3724 filii,
1218 3657 1364 3712 vide·

339 3745 456 3797 tur,
501 3754 735 3807 quocum
773 3734 1030 3791 Hercules
1079 3738 1132 3789 in
1173 3756 1362 3809 campo

343 3810 552 3883 lapideo
570 3853 586 3880 ,
616 3814 707 3884 qui
732 3814 896 3867 bisin
917 3817 1222 3890 regionibus
1253 3830 1331 3871 est
1345 3857 1362 3883 ,

343 3889 622 3945 dimicasse
683 3892 963 3949 ferebatur.
1008 3894 1137 3949 Vid.
1189 3896 1330 3951 Mela
1351 3938 1368 3963 ,

345 3968 439 4021 lib.
463 3970 544 4034 ΙΙ,
575 3990 694 4043 cap.
717 3972 770 4036 5,
795 3982 880 4039 24.

415 4051 537 4117 691.
599 4056 769 4115 Salyes
828 4069 1046 4119 atroces,
1095 4054 1367 4129 quomodo

348 4127 502 4181 etiam
524 4128 770 4183 Straboni
795 4146 1074 4197 vocantur,
1089 4138 1228 4201 Seelrc'
1243 4134 1284 4187 F
1287 4134 1366 4187 lo·

1429 1537 1492 1570 ro
1508 1555 1525 1583 ‚
1544 1519 1695 1570 Salvii
1716 1517 1771 1570 in
1802 1515 2047 1588 Epitome
2072 1514 2208 1567 Livii
2224 1553 2240 1580 ,
2256 1518 2463 1567 Salluvii

1432 1596 1577 1669 apud
1608 1595 1841 1649 Plinium
1868 1606 1921 1648 et
1944 1594 1999 1646 in
2024 1593 2243 1648 vetustis
2268 1593 2453 1646 inscri-

1429 1675 1717 1748 ptionibus.
1760 1676 1989 1729 Omnem
2032 1675 2145 1728 fere
2184 1675 2453 1746 regionem

1431 1757 1747 1808 maritimam
1790 1753 2038 1808 tenebant
2081 1754 2150 1806 ab
2192 1752 2451 1807 Rhodano

1431 1834 1502 1889 ad
1525 1834 1803 1908 Liguriam
1826 1847 1877 1886 et
1890 1834 2054 1887 Italia
2070 1833 2203 1886 fines
2216 1845 2313 1900 „ut
2332 1833 2457 1886 scri·

1431 1916 1511 1969 bit
1545 1915 1765 1980 StrabO,
1793 1915 1912 1968 libri
1942 1915 2020 1966 1v
2046 1914 2219 1986 princ.
2244 1919 2451 1966 Atros-es

1433 1995 1522 2047 hic
1540 1994 1965 2066 vocanturzquia
1993 1992 2230 2046 bellicosi
2256 2004 2308 2045 et
2331 1992 2459 2046 vici-

1433 2075 1521 2130 nis
1540 2075 1735 2128 infesti.
1762 2075 1979 2139 Florus,
1998 2073 2089 2125 lib.
2115 2074 2224 2140 111,
2242 2091 2360 2144 cap.
2390 2091 2417 2124 2
2438 2091 2453 2124 z

1435 2154 1645 2206 «Prima
1692 2167 1839 2208 trans
1874 2153 2035 2224 Alpes
2079 2170 2227 2206 arma
2272 2165 2455 2204 nostra

1434 2252 1645 2288 sensere
1677 2233 1853 2307 Salyi,
1878 2250 2043 2305 quum
2085 2230 2154 2285 de
2192 2232 2459 2286 incursio-

1435 2313 1597 2367 nibus
1612 2330 1795 2367 eorum
1810 2311 2063 2367 fidissima
2080 2323 2239 2384 atque
2256 2310 2463 2365 amicis·

1434 2392 1567 2447 sima
1608 2392 1791 2447 civitas
1818 2392 2058 2445 Massilia
2089 2402 2456 2463 quereretur».

1510 2477 1632 2544 692.
1647 2472 2057 2545 corruptissime
2064 2470 2307 2525 scribunt
2317 2472 2456 2525 Ven.

1437 2567 1490 2607 et
1516 2552 1653 2606 Pith.
1686 2554 1913 2621 oppidum
1931 2554 2151 2621 priscum
2170 2556 2464 2603 Ram-astra·

1436 2636 1568 2685 baloe
1596 2636 1829 2684 Paludes.
1850 2632 1982 2697 Qua
2004 2630 2257 2684 distracta
2280 2642 2333 2682 et
2354 2643 2465 2683 tur-

1437 2713 1561 2763 bata
1598 2710 1797 2763 rectius
1836 2709 2111 2763 constituit
2133 2709 2353 2762 Vossius
2391 2706 2463 2763 ad

1439 2788 1565 2841 Mel.
1579 2808 1632 2859 p.
1654 2786 1751 2856 175
1765 2808 1779 2835 ε
1798 2786 2099 2859 aoppidum
2114 2786 2462 2842 Mastramela!

1442 2867 1685 2919 Priscum
1712 2864 1995 2937 paludis-3
2023 2884 2185 2936 quem
2212 2879 2465 2937 sequutus

1443 2958 1525 2999 est
1551 2942 1717 2997 Huds.
1745 2942 1981 3007 Plinius,
2004 2944 2093 2996 lib.
2120 2944 2231 3008 111,
2250 2964 2369 3017 cap.
2398 2952 2459 3009 4:

1443 3024 1635 3077 ..Ultra
1652 3062 1667 3089 ,
1690 3022 1841 3075 fossae
1866 3041 1928 3076 ex
1946 3022 2205 3077 Rhodano
2222 3024 2281 3078 C.
2312 3025 2469 3077 Marii

1445 3121 1608 3175 opere
1632 3116 1683 3156 et
1706 3102 1921 3157 nomine
1938 3103 2202 3175 insignes:
2222 3118 2467 3176 stagnum

1445 3182 1781 3237 Mastramela
1808 3201 1821 3235 :
1880 3181 2131 3255 oppidum
2202 3184 2469 3237 Maritima

1446 3263 1836 3317 Avaticorum».
1854 3264 1919 3315 Et
1942 3262 2127 3334 oppidi
2146 3273 2199 3315 et
2216 3263 2363 3316 lacus
2382 3282 2474 3315 no-

1447 3364 1571 3398 men
1601 3363 1713 3398 esse
1751 3342 2147 3397 Mastramelam
2174 3342 2331 3395 docet
2354 3344 2470 3396 Ste-

1445 3424 1678 3495 phanus.
1707 3420 1907 3474 Eadem
1936 3422 2119 3492 itaque
2142 3432 2221 3473 est
2245 3426 2470 3473 Mastra-

1447 3507 1579 3554 mela
1620 3514 1673 3554 et
1710 3502 1982 3553 Maritima.
2024 3502 2181 3554 Nunc
2216 3506 2473 3570 Manegae

1451 3592 1673 3633 vocatur
1692 3576 2009 3651 oppidulum
2024 3616 2043 3643 ,
2054 3592 2107 3633 et
2118 3580 2267 3634 lacus
2280 3620 2297 3647 ,
2310 3600 2473 3652 quem

1449 3660 1675 3713 obstruit
1692 3696 1709 3721 ,
1746 3664 1851 3709 Lae
1894 3662 1958 3711 de
2000 3665 2279 3729 Mar-segue.
2318 3663 2475 3715 Voss.

1451 3738 1523 3792 ad
1570 3739 1700 3792 Mel.
1744 3758 1800 3810 p.
1845 3739 2361 3808 175.-Harduinus
2382 3741 2475 3795 ,ad

1453 3817 1590 3871 Plin.
1611 3829 1871 3871 memorat
1890 3818 2063 3872 lacum
2083 3819 2477 3875 Mastramelnm

1455 3897 1617 3951 hodie
1652 3898 1829 3953 vocari
1857 3902 2047 3968 l’e'eang
2085 3904 2148 3951 de
2186 3907 2337 3953 Ber-re
2354 3940 2371 3961 ,
2418 3920 2482 3951 oa

1457 3981 1521 4028 de
1548 3982 1851 4047 Mar-taynus,
1874 3978 2135 4051 oppidum
2162 3979 2479 4035 Maritimam

1455 4056 1620 4111 hodie
1664 4062 1991 4127 Man'gnano.
2038 4063 2325 4113 hominem
2377 4058 2481 4111 hoc

1457 4156 1611 4190 versu
1648 4138 1971 4192 substantive
2012 4138 2381 4211 accipiendum
2412 4135 2479 4188 de
