2996 4685
419 367 570 438 270

1182 333 1265 398 R.
1318 331 1389 396 F.
1450 322 1799 395 AVIENI

526 466 743 559 Hujus
779 461 948 531 valle
990 452 1224 554 procul
1269 449 1504 521 Phasis
1549 445 1798 542 gemit,
1839 441 2030 510 istius
2063 454 2261 509 antro

530 576 815 672 Agmina
851 566 1217 666 provolvit,
1251 564 1640 653 Circaeaque
1676 555 1900 647 lapsus
1937 551 2010 618 in
2047 575 2203 618 arva

524 687 768 759 Incidit
812 682 1177 752 Euxinum.
1218 670 1516 744 Borealis
1546 666 1822 738 cardine
1865 660 2005 732 caeli

530 805 789 870 Rursus
825 795 895 864 in
930 797 1086 863 Eoae
1119 789 1287 859 lucis
1320 781 1617 854 confinia
1653 775 1852 846 tellus

530 909 851 982 Inclinata
881 906 1089 999 jacet,
1132 898 1404 995 gemino
1438 892 1658 962 vicina
1689 883 2048 983 prestando,
2487 907 2564 943 aa..
2665 901 2674 911 ·

432 1079 697 1139 Drakeub.
718 1075 917 1129 Eadem
938 1069 1199 1124 medicina
1215 1061 1457 1120 facienda

435 1167 531 1218 Or.
561 1180 692 1214 mar.
722 1177 777 1211 V.
802 1157 902 1219 314
921 1191 935 1217 ,
963 1154 1096 1219 619,
1132 1158 1186 1201 et
1210 1142 1459 1217 inprimis

436 1265 488 1298 ν.
516 1241 630 1305 154.
650 1239 814 1292 Scan.
845 1265 915 1274 -
935 1226 1239 1286 Secundum
1266 1223 1463 1296 Diony·

435 1326 593 1391 sium,
609 1341 660 1373 V.
681 1321 787 1385 690
800 1356 817 1382 ,
837 1307 1160 1366 constructio
1175 1305 1460 1361 verborum

438 1407 505 1458 ita
557 1395 851 1455 continuari
896 1390 1120 1445 debebat
1157 1404 1171 1439 τ
1228 1382 1461 1437 Colchus

440 1485 592 1538 celsa!
642 1493 827 1551 aspera
880 1471 1029 1544 rupis
1082 1465 1237 1533 serit,
1270 1471 1475 1532 nempe

440 1566 733 1619 Caucasum
754 1598 769 1622 ,
810 1553 893 1607 vel
926 1567 1042 1622 quae
1065 1557 1143 1600 est
1164 1545 1427 1598 Caucasus
1444 1577 1460 1603 ,

438 1642 659 1696 nimium
696 1638 955 1711 Hyrcana
992 1626 1148 1681 undae
1186 1619 1465 1676 contermi-

440 1743 560 1778 nus.
586 1719 687 1776 Sed
706 1713 889 1770 Avieni
924 1727 1041 1763 mos
1074 1716 1151 1760 est
1171 1744 1188 1771 ,
1225 1701 1317 1756 ubi
1345 1699 1466 1753 sub-

438 1813 634 1881 jectum
674 1791 895 1868 aliquod
930 1787 1159 1860 amplius
1195 1781 1463 1836 declarare

440 1885 589 1948 vult,
632 1881 943 1946 abrumpere
978 1863 1421 1922 constructionem
1446 1897 1463 1924 ,

440 1977 491 2019 et
526 1980 648 2016 cum
679 1951 1011 2010 nominativo
1040 1945 1288 2016 incipere.
1308 1940 1466 1991 Hunc

444 2045 602 2116 plane
625 2039 681 2090 in
712 2032 931 2088 modum
964 2044 1123 2098 supra
1148 2019 1467 2092 loquebatur

444 2144 495 2176 ν.
517 2139 619 2192 7²²
644 2135 658 2170 ε
692 2143 719 2162 α
740 2116 785 2166 Ε
809 2110 1027 2182 regione
1050 2100 1241 2177 procul
1264 2109 1468 2170 specta·

441 2201 523 2254 bit
568 2196 797 2252 culmina
837 2193 1073 2242 Leuces:
1114 2183 1292 2234 Leuce
1337 2194 1468 2231 cana

444 2284 631 2355 jugum
656 2315 673 2339 ‚
712 2273 889 2324 Leuce
930 2263 1079 2318 sedes
1105 2260 1404 2314 animarum
1424 2281 1465 2306 ιο.

444 2356 681 2413 Debcbat
724 2350 979 2403 scribere:
1021 2369 1047 2388 α
1086 2341 1315 2403 Leuces,
1350 2353 1470 2407 quae

448 2455 583 2492 cana
596 2438 783 2507 jugum
802 2454 848 2492 ι,
864 2424 947 2479 vel
966 2449 987 2470 ιι
1000 2422 1128 2474 Haec
1146 2420 1321 2471 Leuce
1338 2434 1469 2468 cana

442 2522 633 2590 jugum
654 2523 705 2565 et
730 2506 879 2562 sedes
900 2502 1193 2555 animarum
1218 2507 1295 2549 est
1308 2520 1349 2548 ι.
1369 2494 1473 2549 Sic-

451 2608 511 2650 ut
538 2604 709 2647 autem
738 2588 827 2641 bic
848 2585 903 2636 τὸ
940 2596 1017 2634 est
1044 2576 1239 2632 addere
1270 2574 1471 2641 omisit,

450 2678 519 2729 ita
541 2686 594 2727 et
620 2682 802 2723 nostro
829 2666 948 2718 loco
980 2658 1220 2713 omisisse
1241 2654 1470 2710 videtur.

448 2750 746 2807 Commode
776 2760 951 2799 tamen
983 2737 1139 2811 adjici
1168 2749 1218 2788 et
1249 2731 1472 2807 exprimi

452 2836 635 2888 fateor.
671 2829 777 2883 W.

523 2906 644 2975 876.
677 2900 831 2967 Hujus
850 2898 989 2948 valle
1002 2892 1177 2960 procul
1198 2890 1369 2938 Phasis
1382 2905 1473 2955 ge-

452 2989 556 3039 mit.
585 2978 869 3051 Dionysius
890 2986 940 3027 et
966 2971 1124 3023 Prisc.
1152 2966 1345 3019 Phasin
1375 2964 1475 3017 du-

449 3075 581 3119 cunt
618 3061 683 3113 ab
722 3053 972 3109 Armenio
1008 3059 1204 3101 monte.
1245 3046 1475 3097 Avienus

450 3160 620 3199 unum
647 3133 891 3207 Dionysii
918 3146 1127 3183 versum
1149 3128 1299 3193 (694)
1322 3124 1477 3176 omit-

454 3225 513 3276 tit
534 3234 585 3275 et
611 3221 719 3271 ἔνθα
741 3212 951 3285 capiens
978 3226 1075 3281 pro
1101 3210 1249 3264 unde,
1266 3202 1413 3256 ducit
1449 3220 1479 3253 e

458 3304 712 3357 Caucaso.
743 3293 919 3346 Habet
944 3301 1123 3341 tamen
1150 3303 1273 3337 suos
1300 3294 1479 3334 aucto-

457 3401 563 3443 res,
580 3392 637 3432 ut
662 3376 875 3429 Aristot.
898 3370 1119 3422 Meteor.
1143 3365 1191 3427 1,
1221 3361 1477 3425 133Pse11.

457 3464 523 3515 de
550 3456 738 3513 omnis.
767 3452 935 3505 doctr.
954 3466 1073 3520 pag.
1096 3462 1189 3516 ¹7¹
1222 3441 1304 3496 ed.
1322 3442 1480 3495 Fabr-

460 3540 594 3593 Bibl.
612 3538 705 3590 Gr.
719 3533 791 3598 V,
813 3551 860 3584 a.
878 3528 1031 3583 Conf.
1050 3522 1333 3593 Buschiug.
1354 3533 1481 3574 tom.

458 3620 530 3685 V,
560 3636 607 3681 1,
640 3634 697 3687 p.
736 3610 849 3674 154.
882 3608 1039 3659 Forte
1066 3604 1360 3659 dissensum
1393 3602 1483 3653 ob·

462 3702 759 3753 servaverat
800 3690 959 3741 Poeta
977 3723 993 3749 ,
1038 3685 1117 3736 vel
1162 3680 1481 3736 versiculum

460 3780 615 3833 istum
642 3773 695 3824 in
724 3768 874 3820 libris
889 3805 907 3833 ,
932 3784 1023 3817 scu
1055 3761 1235 3815 codice
1256 3779 1353 3814 suo
1372 3778 1479 3811 non

458 3852 779 3911 inveniebat.
795 3848 966 3901 Scan.
985 3872 1055 3883 --
1076 3844 1227 3908 Hujus
1255 3844 1413 3891 valle.
1432 3878 1444 3890 .
1460 3878 1473 3890 .

456 3939 596 3990 istius
622 3945 786 3983 amm.
822 3924 965 3977 Male
981 3920 1278 3974 Withofius
1306 3916 1479 3989 dupli-

460 4033 577 4072 cem
594 4010 753 4083 hujus
778 4004 882 4058 loci
906 4000 1221 4055 medicinam
1248 3998 1481 4051 tentabat

462 4098 515 4149 in
538 4109 698 4161 marg.
712 4088 914 4156 Trogn.
938 4108 962 4127 u
982 4080 1153 4151 Hujus
1180 4076 1315 4131 valle
1338 4076 1483 4148 prius

1546 1056 1728 1110 Phasis
1750 1051 2092 1126 gemit,istius
2110 1059 2393 1112 antro,etc.
2411 1071 2436 1095 ο
2459 1048 2568 1098 Aut

1547 1135 1740 1187 «Fusus
1748 1132 1883 1186 valle
1893 1129 2082 1204 procul
2091 1127 2272 1181 Phasis
2284 1126 2461 1198 genita
2474 1125 2507 1177 i.
2517 1143 2564 1176 a.

1548 1214 1771 1286 Agmina
1798 1209 2060 1284 provolvit
2082 1235 2104 1256 ι
2119 1206 2450 1280 ,ignorantia
2464 1223 2570 1257 mo-

1547 1297 1620 1349 ris
1647 1293 1865 1357 Avieni,
1889 1291 2034 1364 apud
2073 1308 2232 1362 quem
2275 1291 2356 1342 laic
2391 1300 2447 1340 et
2481 1289 2571 1337 iste

1547 1397 1686 1450 saepe
1710 1376 1780 1431 de
1803 1375 2008 1428 eodem.
2035 1371 2176 1425 Vide
2197 1390 2372 1442 supra.
2401 1366 2574 1421 Vallis

1550 1469 1602 1509 et
1627 1468 1836 1508 antrum
1859 1455 1948 1506 bic
1971 1463 2092 1505 sunt
2115 1467 2427 1524 synonyma.
2451 1447 2573 1500 Flu-

1549 1537 1624 1590 vii
1649 1547 1824 1589 autem
1850 1543 2202 1604 prorumpunt
2229 1549 2290 1582 ex
2321 1527 2439 1580 imis
2462 1525 2576 1580 val·

1549 1615 1704 1667 libus.
1721 1615 1809 1666 Sic
1832 1630 1907 1666 vs.
1929 1613 2032 1681 966
2055 1629 2070 1663 :
2113 1635 2134 1656 ι
2155 1609 2222 1661 Et
2244 1608 2379 1662 citus
2392 1609 2576 1659 Arme-

1547 1695 1644 1747 niae
1661 1711 1867 1746 rursum
1891 1687 2220 1744 convallibus
2245 1687 2380 1741 arcis
2399 1685 2576 1756 Surgit

1552 1773 1713 1846 Halys
1733 1797 1774 1822 ι.
1796 1773 1876 1822 De
1902 1770 2077 1822 Peneo
2095 1765 2253 1821 ovid.
2273 1767 2488 1819 Metam.
2516 1765 2570 1828 I,

1556 1853 1684 1923 570:
1704 1876 1731 1896 «-
1741 1850 1947 1902 Peneus
1967 1849 2034 1900 ab
2053 1847 2160 1898 imo
2173 1844 2389 1898 Effusus
2403 1841 2576 1895 Pindo

1552 1930 1812 2005 spumosis
1833 1928 2062 1982 volvitur
2087 1925 2244 1979 undis
2265 1951 2308 1980 ».
2335 1924 2576 1978 sena.—

1553 2011 1786 2064 Pithoeus
1823 2028 1883 2062 ex
1913 2007 2116 2060 Veneta
2154 2017 2404 2076 corrupte
2441 2003 2578 2072 lege-

1553 2093 1644 2144 bat
1672 2090 1882 2162 «Hujus
1923 2084 2059 2139 valle
2097 2104 2198 2158 pro
2235 2083 2375 2137 Fasis
2417 2081 2578 2153 gemit

1555 2169 1703 2223 istius
1722 2181 1874 2220 antro
1891 2193 1934 2218 n.
1976 2166 2136 2238 Cusp.
2163 2163 2391 2218 correxit
2421 2185 2444 2208 e
2467 2161 2580 2214 Hu-

1549 2249 1636 2324 jus
1673 2247 1812 2300 valle
1847 2245 1955 2298 ruit
1983 2243 2198 2309 Phasis»,
2240 2242 2403 2314 gemit
2431 2241 2580 2292 istius

1552 2340 1708 2381 >antro
1731 2352 1778 2379 n.
1799 2322 2076 2379 vadianus
2107 2323 2346 2378 similiter
2363 2364 2378 2387 ,
2405 2334 2455 2373 et
2489 2319 2580 2373 hic

1555 2426 1712 2461 versu
1744 2423 1857 2477 seq.
1881 2403 2106 2475 amplius
2123 2407 2434 2473 provolvens,
2461 2401 2581 2453 loco

1546 2488 1798 2557 provolvit.
1855 2516 1926 2525 —-
1975 2482 2082 2536 Sed
2129 2482 2349 2534 omnino
2393 2480 2581 2532 melius

1557 2566 1844 2619 Hudsonus
1867 2583 1932 2616 ex
1950 2562 2059 2616 sola
2075 2600 2090 2627 ,
2115 2562 2192 2615 uti
2216 2559 2580 2623 videtur‚con·

1554 2649 1759 2719 jectura
1781 2664 1794 2698 :
1833 2670 1858 2690 α
1877 2644 2051 2715 Hujus
2072 2644 2211 2696 valle
2237 2640 2424 2713 procul
2446 2638 2581 2691 Pha-

1561 2728 1630 2780 sis
1659 2725 1841 2797 gemit,
1867 2722 2019 2776 istius
2044 2734 2197 2775 antro
2217 2721 2443 2793 Agmina
2464 2738 2584 2792 pro-

1561 2806 1728 2860 volvit
1741 2829 1763 2850 ι
1774 2846 1791 2870 ,
1814 2801 2142 2874 adprobante
2160 2799 2478 2863 Schradem,
2489 2798 2583 2871 qui

1561 2900 1613 2941 et
1627 2886 1808 2955 procul
1836 2883 1890 2935 in
1931 2880 2116 2933 Ambr.
2155 2899 2267 2934 esse
2290 2878 2555 2931 adfirmat.

1633 2968 1752 3039 878.
1772 2966 2003 3019 Avienus
2022 2963 2278 3037 Dionysio
2299 2960 2585 3035 responde-

1563 3047 1639 3101 bit
1665 3060 1717 3099 et
1741 3044 2038 3111 prisciano,
2062 3063 2115 3096 v.
2145 3046 2281 3114 676,
2315 3043 2359 3094 si
2393 3040 2585 3094 distin-

1563 3144 1720 3199 guas:
1763 3150 1784 3171 ι
1803 3124 1996 3178 Incidit
2038 3124 2320 3175 Euxinum.
2379 3122 2586 3174 Boreali

1567 3204 1784 3259 cardine
1815 3204 1930 3258 caeli
1962 3205 2162 3257 Rursus
2203 3204 2258 3255 in
2299 3202 2422 3255 ans
2457 3201 2587 3254 lucis

1565 3286 1794 3339 confinia
1861 3284 2014 3339 tellus
2075 3283 2330 3335 Inclinata
2386 3285 2523 3354 jacet
2539 3307 2583 3332 ιι.

1565 3366 1728 3419 Scnn.
1757 3363 1903 3418 Talis
1953 3376 2008 3416 et
2060 3381 2216 3432 supra
2264 3362 2588 3415 constructio

1567 3444 1880 3498 occurrebat
1918 3461 1993 3496 vs.
2016 3442 2155 3495 236:
2189 3439 2330 3495 ·Sed
2370 3440 2586 3495 brachia

1569 3525 1770 3577 Pontus
1788 3561 1803 3586 ,
1823 3522 2042 3575 Finibus
2062 3521 2268 3573 Arctois
2282 3562 2296 3585 ‚
2313 3522 2434 3573 Eoae
2455 3520 2587 3572 lucis

1573 3605 1626 3657 in
1639 3616 1832 3656 ortum.
1847 3640 1859 3652 .
1872 3640 1884 3652 .
1895 3600 2129 3654 Molliter
2141 3601 2402 3653 inclinans
2417 3637 2432 3664 ,
2447 3612 2545 3653 etc.
2559 3622 2580 3642 ·

1569 3682 1869 3737 W.—Post
1916 3684 2166 3732 Euxinum
2220 3680 2590 3751 interpungere

1567 3764 1721 3835 jubet
1748 3760 1968 3814 Schrad.
1993 3762 2176 3811 Incidit
2191 3763 2442 3811 Euxinum
2460 3779 2478 3810 :
2499 3766 2596 3809 Bo·

1573 3845 1697 3893 reali
1743 3842 1948 3891 cardine
2001 3840 2115 3889 caeli
2161 3858 2327 3889 narsus
2373 3840 2423 3889 ἰη
2441 3876 2454 3898 ,
2493 3848 2592 3889 etc.

1568 3920 1725 3973 Hunc
1759 3931 2012 3990 sequutus
2040 3936 2174 3970 sum.
2208 3916 2476 3971 Editiones
2503 3938 2592 3971 ve-

1570 4012 1705 4053 teres
1731 3998 1876 4051 hunc
1905 4016 2116 4051 versum
2146 3998 2457 4071 continuant
2485 4016 2594 4049 nuo

1573 4092 1782 4145 tenore,
1809 4089 1860 4129 et
1887 4100 1916 4130 a
1944 4091 2192 4149 sequente
2216 4076 2485 4130 dirimunt.
