2996 4685
431 348 563 429 ¹4⁰

1175 351 1250 418 R.
1308 354 1377 418 F.
1428 354 1783 421 AVIENI

520 468 780 538 Inachis
813 468 992 539 illata
1024 485 1154 557 est3
1193 475 1288 542 sic
1323 491 1553 568 pectus
1588 474 1863 543 canduit
1904 475 2035 559 ira,

521 577 782 647 Pellicis
815 596 880 649 et
917 596 1104 651 tanto
1137 584 1378 652 Divam
1419 584 1613 654 dolor
1648 583 1887 652 extulit
1927 584 2084 678 igni.
2466 610 2537 647 ,οε

517 687 660 759 Illic
704 690 993 759 instabili
1039 690 1214 760 fama
1255 710 1356 763 est
1397 694 1532 763 sale
1578 719 1729 763 saxa
1774 694 2067 777 moveri,

525 798 891 894 inferrique
927 804 1050 871 sibi
1085 805 1314 873 flabris
1353 804 1745 897 urgentibus
1780 828 1969 873 oras:

421 1020 620 1061 mutata
677 1009 966 1083 Bosporum
1028 1014 1272 1068 tranavit.
1328 1016 1434 1068 Pro

421 1092 566 1137 dorso
629 1087 792 1159 =gitur
844 1090 1168 1147 Schraderns
1221 1094 1436 1167 conjicit

403 1168 596 1230 fiir-ma.
619 1166 730 1237 Ego
755 1170 897 1223 malo
926 1190 1093 1233 cursa,
1124 1172 1271 1245 quod
1289 1179 1435 1225 dorso

419 1242 639 1297 similius
668 1260 718 1299 et
744 1249 920 1320 aptius
951 1258 1017 1319 τῷ
1045 1256 1282 1304 sternacis
1317 1266 1431 1305 est:

423 1322 525 1374 hoc
549 1324 686 1377 enim
703 1327 964 1399 trepidum
983 1329 1064 1381 vel
1079 1344 1434 1384 exsternatum

420 1399 682 1472 siguificat
697 1446 712 1471 ‚
736 1405 882 1477 quod
905 1407 972 1460 tle
995 1409 1102 1479 ipsa
1131 1412 1192 1463 Io
1218 1423 1438 1483 usurpat

421 1480 580 1535 ovid.
605 1485 730 1536 Met.
750 1486 778 1536 1
797 1524 813 1549 ,
851 1490 974 1551 641.
1005 1488 1202 1542 Eodem
1232 1491 1436 1544 ducunt

416 1562 596 1614 omnia
617 1576 890 1634 poetarum
909 1567 1026 1619 loca
1041 1608 1057 1634 ,
1089 1586 1208 1641 qun
1217 1573 1433 1639 fugam,

419 1642 564 1700 vias,
598 1646 788 1695 labores
825 1646 915 1698 lus
947 1648 1248 1715 nominant,
1273 1661 1326 1701 et
1353 1649 1434 1704 di-

415 1732 554 1773 serte
571 1721 730 1775 ovid.
761 1723 883 1777 Her.
905 1727 1058 1788 XIV,
1089 1746 1204 1795 ποι,
1228 1728 1296 1782 de
1333 1731 1396 1781 Io
1420 1747 1434 1781 :

417 1826 442 1843 ··
461 1799 558 1851 Per
583 1818 730 1855 mare
748 1844 764 1870 ,
793 1822 890 1876 per
919 1818 1082 1860 terras
1111 1824 1437 1881 cognataque

417 1876 638 1939 flumina
659 1884 830 1937 curris
849 1909 888 1938 ι.

493 1965 611 2022 204.
629 1965 690 2011 In
711 1982 882 2029 oequor
895 1967 1038 2017 illata
1058 1981 1146 2028 ese,
1163 1986 1238 2019 sc.
1255 1986 1436 2031 cursu,

419 2048 476 2087 ut
503 2038 659 2092 Ceres
703 2067 724 2086 ι
745 2044 850 2095 Dea
885 2046 1088 2097 concita
1117 2065 1274 2099 cursu
1309 2048 1436 2101 Fer-

417 2129 508 2167 tur
529 2141 555 2162 a·
589 2119 733 2191 apud
755 2122 915 2175 Ovid.
935 2124 1073 2177 Fast.
1102 2124 1199 2190 1V,
1223 2146 1278 2178 v.
1305 2130 1436 2188 461:

415 2206 576 2265 atque
612 2208 670 2248 ut
705 2198 772 2251 de
800 2202 958 2254 ariete
986 2204 1178 2274 Phryxi
1203 2206 1322 2258 val.
1357 2206 1436 2258 Fi.

419 2274 446 2323 1
464 2311 478 2333 ,
515 2277 612 2329 281
633 2294 646 2329 τ
667 2305 690 2323 ⁸·
709 2282 916 2333 Aureus
941 2293 988 2333 et
1009 2284 1256 2354 juvenem
1285 2285 1438 2337 inise-

417 2355 652 2408 rantibus
670 2357 844 2411 intulit
862 2359 1020 2412 undis
1039 2361 1289 2417 Vectem.
1311 2365 1441 2417 Cur-

421 2451 538 2485 sum
573 2446 624 2486 et
659 2437 950 2507 ingressum
987 2440 1038 2492 in
1079 2460 1256 2514 aequor
1291 2444 1438 2496 lucu-

421 2513 614 2566 lentius
640 2513 891 2570 describit
914 2519 1160 2574 Valerius
1193 2522 1441 2588 Flaccus,

420 2593 762 2662 Argonautic.
815 2597 904 2650 lib.
950 2599 1055 2666 IV,
1112 2609 1206 2664 401
1261 2615 1310 2654 et
1353 2621 1438 2657 se-

419 2683 599 2740 quent.
618 2699 642 2716 ·-
661 2693 756 2745 per
783 2678 937 2730 urbes
954 2683 1212 2750 Raptatnr
1227 2681 1440 2748 Graias,

419 2760 578 2818 atque
613 2751 779 2807 ardua
819 2755 1032 2810 flumina
1067 2759 1220 2830 ripis:
1247 2762 1440 2814 Oblato

416 2826 586 2882 donec
613 2833 854 2901 paullum
890 2850 1132 2892 cunctata
1170 2841 1440 2911 profundo

333 2975 348 2990 ·
419 2907 644 2962 Incidit:
675 2913 930 2967 absistunt
953 2915 1172 2984 finctae,
1193 2922 1436 2976 ete-W.

418 3015 486 3024 —-
522 2988 822 3058 Amplector
855 2992 1243 3051 distinctionem
1283 3000 1442 3075 hujus

415 3064 552 3133 loci,
583 3088 746 3141 quam
773 3073 1046 3128 vadianus
1079 3077 1312 3132 editione
1345 3101 1440 3136 sna

417 3149 684 3204 constituit
700 3193 715 3218 ,
745 3165 792 3204 et
815 3155 1143 3210 Schraderus
1169 3161 1433 3228 probavit:

417 3252 442 3270 ··
459 3227 544 3280 Sic
563 3243 748 3300 pectus
779 3233 995 3287 canduit
1019 3236 1090 3288 ira
1107 3275 1120 3300 ,
1153 3237 1360 3293 pellicis
1387 3254 1437 3293 et

415 3317 564 3359 tanto
577 3309 762 3363 Divum
783 3311 937 3365 dolor
954 3315 1136 3367 extulit
1161 3316 1288 3387 igni.
1306 3344 1332 3364 ιο

491 3387 608 3440 205.
639 3395 804 3441 Pectus
826 3397 1029 3444 canduit
1048 3397 1126 3444 im
1152 3399 1364 3457 Pelle'cis,
1391 3413 1440 3450 et

417 3477 576 3518 tanto.
602 3467 796 3521 Vlitius
834 3471 902 3522 nd
938 3473 1144 3526 Nemes.
1188 3475 1324 3547 Cyn.
1351 3496 1435 3549 17,

415 3541 564 3595 hunc
593 3544 768 3598 locum
785 3549 969 3602 Avieni
993 3551 1263 3606 adducens
1287 3568 1438 3608 nota·-

421 3621 525 3685 vit,
557 3625 756 3692 pellicis
789 3629 1006 3682 nomine
1044 3633 1312 3686 ,Iunonem
1339 3634 1434 3688 ‹le-

415 3702 634 3770 tigum-i,
659 3717 712 3757 et
731 3705 902 3758 videri
925 3709 1148 3762 subinde
1163 3709 1217 3763 id
1239 3731 1434 3767 nomen

419 3781 544 3850 poni
587 3802 684 3853 pro
727 3801 967 3838 noverca.
1007 3787 1263 3859 Equidem
1307 3810 1437 3845 non-

419 3878 710 3932 numquam
753 3865 992 3934 pellicem
1026 3869 1288 3924 Junonem
1321 3871 1434 3924 exi-

420 3939 527 3992 mie
557 3939 694 4006 dici,
733 3943 903 3996 fateor
939 3965 970 3998 e
1005 3947 1300 4002 Nemesiani
1330 3949 1433 4004 loc.

417 4019 509 4070 cit.
527 4030 579 4074 et
606 4020 710 4073 alio
734 4024 964 4076 auctoris
995 4023 1060 4078 de
1086 4025 1256 4079 Laud.
1281 4027 1434 4080 Herc.

413 4099 532 4168 (qui
567 4099 706 4154 idem
747 4101 1088 4156 Nemesianus
1131 4109 1230 4172 est)
1267 4125 1318 4158 v.
1347 4112 1434 4173 47,

1519 1014 1775 1086 adparere
1794 1053 1809 1078 ,
1840 1027 1892 1067 et
1920 1013 2212 1067 luculenter
2244 1031 2363 1065 eam
2400 1016 2541 1069 vocis

1520 1104 1827 1165 potestatem
1854 1092 2087 1164 exposuit
2104 1092 2284 1147 Barth.
2321 1092 2387 1153 ad
2415 1093 2540 1147 stat.

1521 1172 1689 1225 Theb.
1703 1173 1839 1238 vn,
1868 1190 1916 1225 v.
1947 1176 2142 1225 16o.-
2164 1174 2230 1223 Et
2258 1170 2543 1226 videantur

1524 1270 1643 1323 qua
1682 1263 1863 1304 notata
1910 1263 2031 1305 sunt
2082 1250 2149 1305 nd
2182 1250 2327 1304 hunc
2363 1252 2539 1305 locum

1524 1330 1682 1401 hujus
1704 1332 1806 1403 op.
1829 1342 1964 1385 nost.
1986 1343 2024 1382 t.
2046 1332 2092 1395 1,
2130 1343 2265 1401 part.
2294 1331 2346 1381 Π
2367 1370 2383 1397 ,
2423 1350 2541 1403 pag.

1528 1428 1649 1479 ²99·
1680 1410 1779 1461 En.
1816 1442 1883 1451 —
1925 1408 2029 1463 Sed
2073 1422 2251 1463 tamen
2293 1430 2404 1463 non
2447 1429 2542 1464 ne·

1524 1507 1666 1541 cesse
1693 1503 1767 1542 est
1806 1488 1873 1542 ad
1902 1509 2015 1543 eam
2048 1490 2317 1543 notionem
2356 1489 2544 1543 decur-

1524 1588 1667 1634 rere,
1690 1572 1765 1619 ira
1792 1569 1989 1641 quippe
2006 1573 2199 1638 pellicis
2222 1583 2299 1623 est
2320 1571 2373 1622 iu
2400 1573 2544 1637 pelli·

1524 1668 1627 1698 cem
1667 1663 1921 1716 concepta.
1963 1649 2107 1703 Nihil
2146 1650 2338 1704 clarius
2371 1650 2545 1704 Ovidii

1525 1726 1655 1780 locis
1673 1768 1689 1794 ,
1722 1729 1851 1781 Met.
1881 1729 1979 1796 IV,
2002 1747 2101 1799 ²77
2126 1747 2139 1781 :
2162 1748 2355 1802 «quem
2378 1730 2545 1801 Nym-

1522 1807 1645 1878 pho
1662 1808 1869 1881 pellicis
1890 1810 1967 1861 ira
1994 1810 2227 1862 Contulit
2250 1810 2301 1861 in
2326 1826 2541 1861 saxum:

1522 1896 1697 1941 tantus
1727 1888 1881 1941 dolor
1906 1888 2013 1941 urit
2034 1900 2268 1942 amantes
2283 1906 2330 1953 »ς
2348 1901 2400 1940 et
2416 1888 2546 1940 ibid.

1525 1986 1595 2018 vs.
1624 1968 1723 2031 234
1750 1984 1764 2021 ε
1794 1966 1997 2035 Invidit
2020 1966 2191 2040 Clytie
2210 2008 2226 2033 ‚
2258 1969 2549 2021 stimulata·

1522 2064 1627 2116 que
1647 2047 1849 2118 pellicis
1866 2047 1941 2099 ira
1960 2047 2155 2119 Vulgat
2172 2047 2545 2114 adulterium-3

1524 2126 1618 2176 ubi
1662 2125 1781 2179 vide
1822 2128 2007 2178 Burin.
2046 2125 2134 2178 sic
2182 2131 2324 2179 dolor
2357 2128 2545 2195 pellicis

1524 2204 1669 2275 apud
1690 2205 1915 2268 Quintil.
1941 2207 2174 2259 Declam.
2194 2208 2243 2259 X
2258 2246 2273 2269 ,
2300 2226 2331 2275 9
2348 2249 2364 2274 ‚
2385 2225 2544 2279 quem

1524 2280 1747 2333 Ovidius
1790 2288 1853 2335 de
1891 2288 2065 2353 pellice
2103 2284 2252 2338 dixit.
2292 2286 2547 2339 Eamdem

1524 2361 1905 2416 distinctionem
1924 2366 2049 2418 olim
2072 2365 2199 2418 mihi
2221 2367 2549 2438 proponebat

1526 2440 2023 2515 Wassenberghius.
2050 2446 2210 2498 Smin.
2234 2475 2303 2486 -
2322 2452 2385 2496 Ee
2407 2459 2547 2496 tanto

1526 2522 1699 2570 Divum
1724 2525 1866 2574 dolor
1888 2529 2065 2576 extulit
2083 2527 2203 2593 igni.
2230 2525 2347 2576 val.
2376 2526 2547 2585 Phoc,

1528 2600 1612 2664 11,
1640 2603 1742 2652 660
1766 2618 1779 2652 τ
1832 2627 1852 2648 ι
1879 2603 2083 2656 utinam
2110 2622 2253 2656 nunc
2286 2603 2365 2655 ira
2396 2603 2549 2657 Pela-

1526 2697 1649 2750 sgos
1694 2680 1892 2732 Efferat
1919 2707 1964 2734 a.
2008 2681 2199 2735 Alcim.
2233 2682 2444 2748 Avitus,
2470 2681 2547 2746 V,

1526 2761 1663 2824 629:
1692 2785 1715 2804 ο-
1736 2758 1973 2812 Effertur
1996 2760 2131 2830 nigri
2161 2759 2267 2813 dux
2296 2761 2548 2831 agminis,

1520 2851 1577 2906 pt
1602 2837 1935 2893 Pharaonem
1959 2840 2045 2892 Ira
2074 2839 2265 2892 subit».
2287 2841 2545 2892 Ceterum

1526 2917 1629 2970 hoc
1652 2918 1771 2970 loco
1796 2918 2045 2971 videntur
2066 2919 2217 2990 sequi
2244 2917 2437 2970 debere
2464 2938 2545 2972 vs.

1530 2995 1631 3048 253
1663 3007 1714 3048 et
1754 2996 1853 3061 254
1882 3015 1895 3049 ε
1950 3023 1974 3042 ιι
1996 2997 2133 3050 Huic
2159 2997 2385 3050 ulii-ante
2406 2999 2549 3058 salo,

1528 3086 1627 3128 etc.
1650 3099 1673 3120 ι
1700 3074 1859 3128 Scan.

1601 3157 1718 3206 206.
1756 3157 1865 3207 Illic
1904 3159 2123 3208 Instabili
2141 3158 2295 3225 fama
2332 3169 2408 3206 est
2440 3159 2548 3206 sale

1526 3254 1661 3285 saxa
1682 3238 1877 3288 moven'.
1900 3235 2049 3309 virg.
2074 3235 2283 3288 AEneid.
2303 3235 2373 3301 V,
2404 3236 2506 3288 866
2530 3251 2545 3285 :

1526 3313 1690 3364 “Tum
1710 3332 1865 3367 rauca
1888 3315 2101 3369 assiduo
2120 3316 2275 3387 longe
2296 3315 2402 3366 sale
2423 3331 2543 3367 saxa

1526 3393 1781 3444 sonabant
1801 3419 1824 3440 ι
1840 3433 1853 3447 .
1876 3393 2043 3448 Scan.
2086 3426 2154 3435 -—
2192 3401 2332 3446 Saxa
2358 3412 2548 3445 :novere

1526 3470 1669 3525 dedit
1692 3473 1851 3545 Cusp.
1880 3475 1971 3527 sed
1994 3479 2173 3528 moveri
2194 3474 2416 3526 correxit
2444 3475 2547 3525 Ca-

1526 3571 1666 3604 mers
1684 3552 1751 3605 ad
1772 3553 2125 3620 priscianum,
2154 3573 2228 3606 vs.
2256 3553 2388 3606 136:
2420 3551 2546 3604 reli-

1527 3631 1619 3703 qui
1644 3633 1858 3703 pariter.

1600 3729 1718 3782 ²07.
1742 3712 2017 3780 Infert-lque
2036 3712 2190 3781 sibifl.
2207 3729 2255 3760 u.
2268 3730 2384 3762 oras
2400 3750 2415 3775 ‚
2438 3709 2473 3762 ἰ.
2498 3728 2546 3763 e.

1524 3807 1838 3842 concurrere
1856 3803 1909 3843 et
1932 3789 2111 3842 collidi
2133 3830 2149 3855 ,
2177 3789 2289 3841 fere
2306 3800 2365 3841 ut
2386 3808 2547 3860 supra

1524 3887 1571 3920 ν.
1602 3887 1696 3938 197
1736 3873 1871 3922 obvia
1914 3887 2047 3920 saxa
2085 3868 2323 3920 vocabat.
2365 3867 2450 3920 Sic
2488 3868 2545 3920 in

1526 3946 1800 4016 Prognost.
1816 3967 1865 4000 v.
1892 3964 2026 4000 too:
2058 3973 2081 3991 -ι
2102 3947 2143 3998 si
2170 3947 2333 4000 moles
2354 3965 2545 4018 magna

1526 4026 1801 4097 utriusque
1847 4026 2103 4079 Occurset
2152 4026 2357 4080 sibimet
2402 4027 2543 4078 velut

1524 4105 1677 4158 obvia
1694 4131 1738 4156 ιι.
1758 4105 1853 4158 W.
