2996 4685
476 401 615 474 526

1138 487 1142 492 ·
1234 401 1310 466 R.
1364 399 1438 465 F.
1493 399 1844 467 AVIENI

566 523 885 596 Carmina
922 519 1133 589 multa
1171 544 1430 605 serens»,
1466 521 1674 588 vitam
1714 519 1978 607 insonS,
2011 520 2267 614 integer
2286 547 2523 605 aevom,
2579 547 2603 583 s

567 631 905 726 Conjugio
944 629 1129 698 laetus
1176 627 1496 714 placidae,
1543 653 1956 724 numeroque
1991 627 2324 725 frequenti

566 747 898 815 Natorum
932 738 1298 826 exsultans,
1332 741 1526 807 vivax
1565 753 1633 807 et
1670 739 1944 834 spiritus
1982 737 2173 808 ollis:

518 895 523 901 ·
569 858 821 926 Caetera
858 853 1233 948 composita
1269 850 1560 919 fatorum
1600 849 1742 943 lege
1785 847 2155 918 trahentur.

663 1059 1030 1131 SANCTO
1083 1057 1349 1125 PATRI
1399 1055 1702 1123 FILIUS
1749 1055 2233 1122 PLACIDUS:

566 1240 705 1310 Ibis
741 1240 811 1308 in
844 1251 1106 1333 optatas
1148 1236 1361 1322 sedes,
1391 1261 1548 1305 nam
1583 1237 1844 1330 Jupiter
1876 1239 2158 1307 aethram

665 1347 937 1434 pandit,
977 1351 1204 1432 Feste,
1234 1347 1387 1436 tibi,
1425 1345 1749 1417 candidus
1793 1365 1866 1417 ut
1913 1351 2159 1419 venias.

568 1464 845 1554 Jamque
884 1459 1108 1542 venir»,
1146 1457 1363 1526 tendit
1407 1458 1676 1527 dextras
1710 1459 1956 1530 chorus
1999 1461 2154 1530 inde
2197 1465 2533 1548 Deorum,

472 1689 575 1742 hoc
597 1685 821 1740 debebat
842 1685 932 1737 abs
954 1703 1035 1736 me
1059 1683 1113 1736 iu
1135 1683 1393 1737 Prooemio
1420 1681 1491 1736 ad

470 1771 529 1821 R.
552 1767 612 1819 F.
632 1765 893 1818 Avienum
914 1763 1051 1816 inter
1072 1775 1387 1834 argumenta
1404 1782 1489 1815 re-

1580 1686 1864 1759 longaevam
1928 1688 2252 1760 promittere.
2331 1688 2604 1742 Fabricius

1581 1767 1762 1821 scribit
1777 1771 1890 1821 illis.
1911 1769 2244 1821 Burmannus
2257 1766 2460 1840 legend.
2472 1787 2605 1820 con-

473 1846 627 1910 ferri,
649 1845 839 1917 quibus
873 1841 1259 1896 monimentum
1295 1840 1399 1893 hoc
1425 1841 1493 1894 de
1577 1847 1690 1918 jicit
1728 1873 1752 1892 «ι
1769 1847 1916 1901 vivax
1939 1847 2007 1901 sit
2029 1847 2246 1920 spiritus
2268 1848 2432 1911 illis»,
2461 1859 2520 1900 ut
2537 1849 2608 1900 sit

473 1937 539 1980 eo
580 1925 698 1997 ipso
730 1923 934 1975 Avieno
973 1939 1155 1992 agere,
1176 1921 1271 1992 qui
1312 1932 1495 1974 auctor

472 2003 853 2077 Descriptionis
888 2001 1046 2055 Orbis
1087 2013 1218 2054 esset
1240 2038 1255 2065 ,
1283 2002 1495 2053 vincere

474 2084 766 2138 studebam.
1008 2156 1015 2162 Ι

544 2164 591 2218 5.
615 2165 849 2216 camina
865 2164 1023 2212 multa
1040 2178 1205 2210 serens
1222 2179 1240 2209 .-
1261 2171 1319 2210 ut
1340 2178 1498 2211 serere

474 2246 630 2299 verba
647 2284 663 2310 ,
696 2259 962 2297 sermones
979 2278 995 2302 ‚
1028 2238 1295 2311 querelas,
1331 2238 1497 2292 collo-

473 2325 597 2399 quia
608 2334 688 2390 ,et
702 2321 958 2375 disserere
968 2317 1151 2372 dicunt
1162 2317 1355 2369 Latini.
1372 2315 1497 2370 vid.

470 2404 539 2456 N.
588 2402 770 2454 Heius.
805 2412 856 2452 et
880 2397 1153 2451 Drakenb.
1200 2395 1269 2448 ad
1312 2394 1497 2449 Silium

475 2481 719 2536 Italicum
735 2517 751 2544 ‚
777 2476 940 2542 vm,
993 2478 1110 2527 266.
1176 2474 1497 2546 Exprimitur

475 2581 539 2616 eo
576 2558 741 2613 verbo
781 2556 979 2615 facilis,
1012 2554 1255 2626 expedita
1300 2566 1352 2607 et
1399 2554 1497 2607 fre-

474 2658 642 2715 quens
660 2637 957 2691 carminum
978 2634 1309 2707 compositio.
1335 2637 1496 2686 Vitam

474 2724 671 2783 insons,
713 2716 805 2789 qui
847 2715 915 2769 de
952 2733 1008 2767 se
1049 2714 1302 2786 proedicat
1326 2751 1341 2778 ,
1384 2733 1497 2767 non

475 2801 683 2853 videtur
710 2814 821 2851 esse
848 2796 1031 2848 Festus
1057 2792 1148 2845 ille
1166 2835 1181 2860 ,
1203 2792 1495 2847 Proconsul

474 2881 606 2933 Asiae
625 2877 727 2932 suh
737 2875 991 2941 valente,
1008 2891 1169 2945 quern
1190 2874 1373 2926 multis
1397 2873 1495 2925 im-

472 2957 739 3019 manitatis
764 2968 817 3007 et
840 2954 1048 3007 saevitiae
1090 2952 1338 3026 exemplis
1375 2954 1497 3007 iusi-

474 3056 629 3113 gnem
695 3045 953 3087 memorat
1008 3034 1179 3084 Amm.
1250 3032 1491 3087 Marcell.

472 3118 649 3174 xxlx
665 3157 679 3181 ,
706 3137 733 3169 2
749 3158 763 3184 ,
784 3127 837 3170 et
851 3114 1091 3168 Zosimus
1106 3156 1121 3181 ,
1140 3114 1239 3180 IV,
1260 3115 1320 3168 5:
1346 3132 1496 3167 oevom

473 3200 689 3271 antique
712 3214 725 3248 τ
750 3214 903 3248 avum
928 3193 1124 3245 habent
1150 3195 1337 3246 caeteri.

543 3283 594 3332 6.
624 3279 840 3332 Placidoe
870 3292 991 3327 cum
1027 3274 1321 3346 majuscula
1349 3274 1495 3327 litera

474 3373 617 3414 recte
651 3353 1006 3412 exhibuerunt
1039 3353 1082 3405 F
1086 3352 1405 3406 leetwoodus
1445 3367 1497 3407 et

472 3440 804 3491 Burmannus
820 3476 834 3500 ‚
854 3447 912 3487 ut
927 3434 993 3486 sit
1011 3452 1207 3487 nomen
1224 3432 1493 3505 proprium

473 3519 666 3573 uxoris.
696 3518 833 3569 Hinc
856 3516 997 3570 enim
1025 3514 1165 3588 filius
1188 3516 1303 3587 ejus
1331 3516 1493 3568 Placi-

474 3598 575 3651 dus
602 3598 935 3661 nominatus,
953 3614 1053 3667 pro
1081 3596 1351 3667 frequenti
1378 3594 1492 3648 illo-

472 3698 593 3731 rum
622 3688 919 3746 temporum
945 3695 1107 3729 more.

546 3761 855 3828 7.Ex1deans
872 3754 1018 3807 dedit
1036 3754 1266 3807 Fabrett.
1286 3755 1490 3810 Fabric.

476 3850 527 3888 et
568 3835 802 3903 Canneg.
858 3832 999 3886 Male
1046 3834 1149 3887 hoc
1202 3840 1488 3893 exsultans.

471 3915 669 3969 omisso
729 3924 1019 3977 commate,
1056 3932 1178 3965 cum
1237 3926 1491 3986 sequente

468 3999 658 4067 spiritus
670 3994 998 4064 conjungunt
1014 3990 1155 4063 Spon
1167 4032 1177 4043 .
1196 3992 1425 4047 Fabrctt.
1440 4006 1490 4045 et

1584 1937 1766 1979 votum
1788 1927 1870 1980 vel
1896 1927 2124 1980 formula
2150 1928 2330 1980 fausta
2353 1928 2606 1982 acclama·

1584 2005 1740 2059 tionis
1754 2045 1770 2071 ,
1785 2005 1969 2060 similis
1988 2006 2065 2059 illi
2086 2024 2100 2058 ε
2121 2033 2147 2052 α
2157 2006 2320 2060 vivite
2337 2045 2353 2071 ,
2373 2007 2552 2061 felices
2565 2034 2605 2069 n,

1586 2086 1667 2138 vel
1697 2087 1841 2160 quod
1875 2087 2018 2159 apud
2052 2087 2262 2139 Petron.
2300 2106 2417 2159 cap.
2442 2088 2510 2142 63
2535 2089 2606 2140 le-

1586 2165 1762 2236 gitur:
1787 2193 1812 2210 «
1826 2165 2029 2220 salvum
2049 2165 2112 2219 sit
2129 2164 2274 2238 quod
2295 2179 2452 2237 tango
2466 2193 2512 2220 u.
2536 2198 2605 2207 —

1587 2243 1671 2296 Sic
1692 2245 1744 2296 in
1764 2245 1982 2316 Inscrip.
2001 2244 2143 2316 apud
2159 2244 2389 2298 Fabrett.
2409 2264 2523 2317 cap.
2546 2266 2574 2298 ι
2589 2286 2606 2312 ,

1585 2341 1711 2396 pag.
1738 2330 1802 2395 73
1825 2344 1838 2378 :
1863 2350 1886 2371 ι
1907 2324 2179 2379 Innocenti
2207 2344 2331 2377 cum
2350 2325 2606 2398 Engratio

1590 2402 1734 2456 vivas
1753 2429 1796 2467 n,
1833 2415 1885 2456 et
1903 2405 2041 2457 inter
2067 2416 2188 2457 vota
2213 2403 2481 2459 clientium
2508 2404 2606 2458 do-

1587 2482 1745 2535 minis
1765 2493 1814 2535 et
1835 2484 2074 2555 patronis
2097 2484 2168 2536 ob
2185 2483 2604 2538 incolumitatem

1586 2560 1756 2633 posita
1775 2600 1790 2625 ,
1834 2581 1967 2633 saepe
2003 2564 2354 2637 subscriptum
2387 2566 2608 2618 VIVAS

1586 2653 1677 2693 aut
1704 2641 1996 2697 VIVATIS
2021 2662 2036 2705 ;
2083 2642 2187 2696 vid.
2233 2644 2372 2715 Lips.
2408 2643 2500 2699 lib.
2548 2646 2605 2709 1,

1585 2719 1795 2774 Saturn.
1841 2740 1965 2795 pag.
2009 2722 2117 2793 573
2166 2722 2348 2775 Barth.
2379 2723 2451 2776 ad
2475 2722 2603 2777 Stat.

1583 2801 1752 2855 Theb.
1778 2802 1891 2864 IX,
1919 2804 2022 2872 894
2041 2840 2056 2866 ,
2085 2816 2137 2857 et
2165 2805 2371 2875 egregie
2396 2802 2604 2859 Gerart.

1585 2880 1680 2933 lib.
1708 2880 1820 2945 111,
1847 2882 2010 2934 Elect.
2035 2902 2082 2937 c.
2111 2885 2160 2936 8.
2198 2883 2284 2937 Sic
2315 2882 2605 2940 VIVATIS

1585 2958 1642 3013 in
1669 2962 1868 3013 annulo
1903 2961 2125 3033 nuptiali
2160 2960 2388 3016 duorum
2417 2968 2604 3038 conju-

1585 3058 1711 3109 gum
1748 3038 1890 3111 apud
1917 3040 2202 3113 Spanum,
2237 3046 2496 3097 Becher-ck.
2515 3048 2604 3095 des

1586 3121 1761 3185 Aneiq.
1790 3119 1929 3172 Diss.
1955 3120 2062 3188 XI,
2089 3140 2207 3193 pag.
2241 3142 2370 3194 179,
2397 3135 2447 3177 et
2467 3143 2604 3196 saepe

1585 3216 1754 3271 greco
1773 3201 2032 3254 vocabulo
2057 3201 2243 3261 ζῆσητι.
2278 3203 2522 3257 Similiter
2547 3204 2604 3256 in

1586 3277 1972 3334 adclamatione
1997 3282 2282 3337 conviviali
2307 3286 2445 3336 vivas
2466 3296 2516 3336 et
2534 3289 2607 3337 vi-

1587 3378 1790 3418 vamus,-
1813 3358 1880 3413 de
1900 3379 2004 3432 qua
2027 3358 2314 3415 vidfvales.
2339 3362 2405 3415 ad
2431 3363 2603 3415 Amm.

1586 3436 1822 3491 Marcell.
1859 3440 1948 3492 lib.
1973 3440 2136 3507 XVI,
2167 3461 2280 3512 cap.
2321 3444 2367 3496 8.
2393 3442 2606 3497 Servius

1582 3515 1651 3569 ad
1678 3518 1829 3590 virg.
1855 3522 1982 3573 AEn.
2013 3520 2098 3572 111
2120 3561 2134 3586 ,
2171 3524 2295 3589 493,
2317 3534 2462 3575 notat
2492 3521 2604 3577 hanc

1581 3596 1717 3650 bene
1736 3600 2061 3669 precantium
2088 3614 2214 3655 vota
2239 3602 2426 3656 melius
2453 3615 2605 3675 opta-

1581 3676 1691 3728 tivo
1716 3678 1894 3731 efferri
1914 3698 2074 3750 quam
2096 3680 2438 3753 imperativo:
2458 3680 2605 3753 quod

1583 3770 1759 3811 tamen
1791 3760 1898 3811 non
1931 3778 2134 3833 semper
2173 3761 2459 3815 observant
2498 3762 2605 3814 Ve-

1583 3848 1735 3891 teres.
1771 3838 1876 3891 En.

1655 3918 1704 3969 8.
1747 3922 2030 3971 Traheemaer.
2079 3919 2220 3972 Male
2282 3918 2422 3993 apud
2476 3920 2606 3993 Spo-

1583 3995 1732 4048 nium
1749 4034 1763 4059 ,
1793 3994 2001 4050 Fleetw.
2025 3998 2281 4051 Almelov.
2307 4011 2360 4053 et
2399 4000 2602 4056 Fabric-

466 4074 653 4127 Almel.
674 4075 913 4121 -Vivaae
936 4086 982 4121 et
1006 4073 1195 4137 spiritus
1220 4076 1329 4125 ollis
1354 4072 1487 4126 indi·
1577 4078 1846 4127 trahuntur.

468 4166 552 4208 cat
568 4196 584 4221 ‚
603 4151 720 4206 illos
744 4152 876 4203 bene
904 4168 1061 4203 sanos
1086 4168 1227 4209 esse,
1254 4161 1305 4204 et
1328 4152 1487 4204 vitam

1655 4170 1678 4204 ῐ
1693 4170 1735 4205 1.
1781 4156 1954 4230 Tendit
2001 4162 2206 4209 dextras
2255 4163 2424 4212 chorus
2484 4164 2600 4213 inde
