2996 4685
808 423 1207 492 ARATEA
1257 425 1937 502 PHAENOMENA.

406 541 755 628 Criminis,
781 556 848 610 et
871 555 1169 612 veterum
1208 546 1604 637 prohibetur
1633 550 1828 646 culpa
1861 535 2212 636 malorum.

2288 431 2425 530 549

407 655 553 723 Nec
584 654 805 721 minus
837 653 909 722 in
945 654 1263 725 membris
1299 654 1413 726 lux
1449 656 1566 726 olli
1604 664 1892 732 maxima
1923 665 2142 734 vibrat

410 762 747 832 Omnibus
768 817 788 848 ,
821 763 1009 833 ardet
1044 788 1215 859 apex
1247 769 1489 861 capiti,
1515 769 1720 838 micat
1755 772 1946 864 ignea
1981 773 2113 843 late
2357 803 2432 840 2⁶⁵

408 873 701 941 Dextera
739 870 1073 942 flammam
1090 927 1111 960 ,
1145 875 1403 944 humeri
1442 876 1776 949 flammam
1811 883 2080 952 movet*
2119 886 2329 954 instar

409 983 594 1050 Inter
633 994 992 1076 utrumque
1028 983 1267 1069 femur,
1296 1011 1429 1080 qua
1472 1011 1543 1056 se
1577 988 1868 1060 confinia
1909 990 2076 1064 lucis

410 1089 761 1160 Diducunt
792 1091 1102 1186 pedibus,
1134 1096 1347 1189 major
1387 1122 1520 1191 qua
1560 1098 1832 1169 luminis
1866 1126 2028 1171 aura

411 1201 768 1290 Verberat,
796 1218 862 1271 et
898 1202 1099 1273 rutilo
1134 1205 1315 1274 sidus
1346 1209 1558 1302 magis
1587 1222 1823 1280 aestuat
1858 1226 2059 1280 astro.

411 1315 587 1383 Nam
624 1310 809 1382 locus
841 1317 1129 1383 Arcturo
1168 1314 1397 1385 sacer*
1438 1317 1865 1404 adscribitur,
1902 1319 2036 1389 illic

410 1427 629 1493 Aurea
665 1448 798 1517 qua
838 1449 1133 1492 summos
1174 1425 1603 1520 adstringunt
1637 1427 1902 1522 cingula
1942 1431 2258 1516 amictus,

411 1531 613 1601 Ebria
647 1531 1014 1603 flammanti
1052 1536 1400 1629 consurgit
1435 1535 1626 1606 stella
1664 1538 1928 1607 rubore.

1236 1721 1528 1768 VIRGO.

510 1844 665 1932 Qua
700 1844 1193 1937 protenduntur
1218 1847 1493 1940 vestigia
1527 1871 1786 1915 summa
1822 1849 2047 1917 Bootis
2067 1903 2086 1935 ‚

414 1954 698 2046 Quaque
736 1979 855 2048 per
890 1954 1287 2024 immensum
1329 1943 2020 2049 circumflagrantibus
2058 1959 2250 2026 astris

417 2061 723 2134 Circulus
763 2063 1037 2158 obliquo
1078 2062 1207 2134 late
1236 2065 1415 2157 jacet
1449 2064 1748 2159 Astriger
1786 2065 1987 2146 orbe,
2365 2091 2440 2143 27⁵

418 2173 895 2268 Contemplare
937 2199 1159 2246 sacros
1192 2175 1502 2269 subjectae
1532 2175 1832 2270 Virginis
1863 2191 2068 2244 artuS.
2169 2245 2175 2253 ,

418 2284 667 2373 Quam,
682 2298 767 2371 te,
780 2308 981 2379 quam
997 2284 1407 2356 memorem?
1424 2286 1578 2356 Sive
1599 2302 1700 2357 est
1719 2288 1983 2383 genitor
2002 2287 2124 2357 tibi
2149 2311 2445 2358 summus

416 2395 700 2489 Jupiter,
736 2418 821 2471 ex
851 2395 1175 2465 Themide
1215 2398 1287 2465 in
1326 2413 1535 2467 terras
1573 2397 1852 2469 demissa
1893 2413 2206 2493 parente3

420 2508 552 2576 Seu
586 2504 793 2599 patris
819 2506 1056 2575 Astraei
1088 2506 1343 2577 clarum
1376 2532 1444 2577 es
1479 2533 1725 2601 genuS,
1751 2534 1952 2579 aurea
1987 2510 2174 2603 cujus

420 2614 649 2685 Sidera
691 2629 846 2684 sunt
881 2614 1130 2709 proles,
1159 2630 1225 2684 et
1266 2619 1382 2709 qui
1418 2641 1546 2709 pro
1586 2642 1862 2686 munere
1909 2642 2175 2687 morum
2373 2643 2446 2680 ,ιο

420 2724 935 2819 Inculpabilium
974 2750 1216 2795 nomeu
1253 2725 1436 2795 dedit
1470 2728 1782 2794 omnibus
1817 2728 2049 2811 astris;

419 2840 558 2907 Aut
595 2836 917 2907 Pelusiaci
958 2837 1169 2931 magis
1206 2860 1275 2905 es
1313 2840 1457 2905 Dea
1494 2820 1708 2905 litoris
1755 2837 1906 2921 Isis,

422 2948 645 3043 Digna
680 2945 863 3035 Poli,
888 2972 1159 3017 consors
1194 2962 1261 3017 et
1294 2970 1455 3029 cura
1489 2943 1804 3014 latrantis·
1825 2945 2126 3031 Anubis3

400 3152 521 3215 264.
545 3158 655 3210 Luae
668 3156 756 3207 0111?
770 3155 995 3205 maxima
1013 3157 1195 3207 vibrat.
1218 3156 1349 3208 vnl-

326 3248 397 3302 ιο
421 3234 512 3285 lua·
543 3234 688 3295 olim,
716 3232 875 3285 male.

401 3311 645 3383 265-270.
669 3311 856 3369 Mutila
876 3312 991 3366 hoec
1013 3323 1137 3367 suut
1158 3323 1211 3365 et
1233 3330 1348 3367 cor-

327 3401 503 3461 rnptn,
518 3410 617 3445 nec
631 3391 858 3458 medela,
872 3391 973 3445 nisi
990 3410 1020 3444 e
1039 3391 1349 3447 melioribus

328 3468 597 3523 codicibus
604 3470 810 3541 Msptis,
824 3470 925 3523 illis
940 3468 1142 3525 adrem-i
1150 3480 1339 3539 potest.

402 3548 520 3601 268.
538 3554 683 3603 Aura
704 3568 907 3623 repono
931 3568 1029 3621 pro
1058 3564 1227 3599 auras.
1241 3547 1340 3600 En.

402 3629 521 3681 282.
542 3628 700 3682 conf.
722 3628 809 3683 Jo.
830 3625 1049 3683 schrad.
1070 3624 1142 3679 ad
1155 3626 1343 3679 Avieni

328 3704 528 3777 Perieg.
548 3720 658 3760 not.
674 3708 859 3778 (supra
874 3706 989 3779 huj.
1009 3716 1134 3757 tom.
1152 3722 1203 3775 p.
1226 3704 1346 3770 103,

331 3782 401 3838 ad
422 3803 500 3839 vs.
532 3792 613 3849 ²4·
636 3786 759 3855 En.)

402 3866 527 3919 283.
550 3868 725 3935 Digna
752 3869 862 3919 Pola·
875 3906 891 3928 ,
920 3882 1120 3917 consors
1142 3876 1194 3914 et
1222 3880 1343 3913 cum

331 3946 557 3999 latrantis
572 3948 782 4000 Anubis.
796 3947 877 3999 Ita
894 3938 1343 4015 distinguendum.

337 4022 477 4077 Male
494 4022 657 4095 vulgo
677 4042 692 4077 :
713 4049 739 4071 οι
759 4025 936 4096 Digna
954 4024 1069 4079 Poti
1093 4039 1309 4077 consors
1327 4056 1344 4084 ,

334 4113 386 4155 et
420 4120 545 4156 cura
587 4105 829 4159 latrantis
862 4103 1069 4157 Anubis
1091 4127 1133 4153 ι.
1180 4104 1350 4171 Digna

328 4186 449 4249 poli,
471 4182 585 4245 ἀξία
612 4184 778 4237 πόλου.
803 4185 995 4239 Fateor
1014 4181 1247 4249 interim,
1264 4200 1351 4235 me

1436 3171 1546 3206 non
1579 3150 1796 3223 adsequi
1815 3188 1836 3214 ,,
1869 3168 1978 3223 quo
2015 3168 2171 3203 sensu
2217 3151 2446 3205 Avienus

1434 3231 1630 3289 Isidem
1658 3229 1842 3284 dixerit
1881 3233 2084 3299 dignam
2099 3233 2223 3297 poli.
2249 3260 2316 3269 —-
2343 3228 2448 3287 Sed

1438 3310 1743 3373 conferatur
1782 3310 1922 3363 infra
1960 3328 2035 3361 vs.
2081 3310 2201 3371 443.
2239 3308 2340 3360 En.
2376 3338 2448 3352 -υ-

1436 3391 1679 3447 Arbitror
1725 3390 1927 3463 potius,
1971 3387 2246 3460 legendum
2294 3404 2409 3439 esse
2431 3404 2444 3440 ε

1430 3495 1457 3515 ιι
1484 3470 1656 3541 Digna
1679 3470 1784 3523 coli
1802 3487 2014 3523 consors
2034 3479 2084 3521 et
2103 3486 2229 3520 cura
2251 3467 2448 3519 latran-

1429 3549 1497 3601 tis
1520 3549 1724 3602 Anubis
1741 3574 1784 3601 ιο.
1803 3548 2070 3601 Eratosth.
2089 3545 2444 3601 Catasterism.

1431 3644 1545 3698 cap.
1565 3644 1630 3695 9:
1661 3628 1706 3679 οἱ
1733 3628 1818 3699 μὲν
1847 3626 1944 3701 γὰρ
1985 3626 2128 3682 αὐτήν
2161 3643 2298 3694 φασιν
2329 3619 2446 3675 sivan

1435 3706 1712 3777 Δήμητραν,
1741 3704 1826 3765 διὰ
1855 3708 1909 3759 τὸ
1942 3709 2066 3774 ἔχων
2091 3704 2288 3771 στάχυν·
2321 3703 2364 3755 οἱ
2391 3699 2446 3753 δὲ

1431 3778 1540 3838 Ῐσιν·
1569 3784 1662 3837 ubi
1691 3804 1800 3843 uon
1837 3785 2106 3839 adsentior
2137 3783 2294 3837 docto
2319 3782 2448 3835 Era-

1430 3862 1686 3917 tosthenis
1711 3862 1940 3931 editori,
1961 3864 2123 3918 verba
2148 3864 2192 3915 οἱ
2218 3859 2273 3915 δὲ
2307 3854 2396 3914 lew
2421 3879 2452 3914 a

1430 3940 1804 3995 Grammaticis
1817 3940 2056 4013 adposita
2070 3942 2296 4015 putanti,
2308 3938 2454 4012 quod

1433 4019 1608 4075 Graeci
1645 4018 2034 4074 contenderunt
2050 4058 2066 4084 ,
2113 4021 2359 4074 Cererem
2383 4020 2452 4073 ab

1438 4097 1702 4172 AEgyptiis
1725 4097 1832 4149 Isin
1859 4100 2056 4152 vocari.
2082 4100 2250 4153 Docet
2278 4110 2454 4152 noster

1440 4177 1630 4231 Avieni
1678 4176 1860 4241 locus,
1901 4177 2062 4229 verba
2103 4175 2194 4229 illa
2229 4178 2298 4229 ab
2339 4178 2454 4248 ipso
