<?xml version="1.0" encoding="UTF-8"?>
<!DOCTYPE html PUBLIC "-//W3C//DTD XHTML 1.0 Transitional//EN"
    "http://www.w3.org/TR/xhtml1/DTD/xhtml1-transitional.dtd">
<html xmlns="http://www.w3.org/1999/xhtml" xml:lang="en" lang="en">
 <head>
  <title>
</title>
<meta http-equiv="Content-Type" content="text/html;charset=utf-8" />
  <meta name='ocr-system' content='tesseract 3.04.00' />
  <meta name='ocr-capabilities' content='ocr_page ocr_carea ocr_par ocr_line ocrx_word'/>
</head>
<body>
  <div class='ocr_page' id='page_1' title='image "./poetaelatinimin01unkngoog_0499.png"; bbox 0 0 2996 4685; ppageno 0'>
   <div class='ocr_carea' id='block_1_1' title="bbox 91 2986 99 3668">
    <p class='ocr_par' dir='ltr' id='par_1_1' title="bbox 91 2986 99 3668">
     <span class='ocr_line' id='line_1_1' title="bbox 91 2986 99 3668; baseline 0 0"><span class='ocrx_word' id='word_1_1' title='bbox 91 2986 99 3668; x_wconf 95' lang='lat' dir='ltr'><strong> </strong></span> 
     </span>
    </p>
   </div>
   <div class='ocr_carea' id='block_1_2' title="bbox 767 591 2377 706">
    <p class='ocr_par' dir='ltr' id='par_1_2' title="bbox 767 591 2377 706">
     <span class='ocr_line' id='line_1_2' title="bbox 767 591 2377 706; baseline 0.02 -51"><span class='ocrx_word' id='word_1_2' title='bbox 767 591 1066 662; x_wconf 83' lang='lat' dir='ltr'><strong>Massilia</strong></span> <span class='ocrx_word' id='word_1_3' title='bbox 1102 611 1169 665; x_wconf 93' lang='lat' dir='ltr'><strong>et</strong></span> <span class='ocrx_word' id='word_1_4' title='bbox 1207 599 1352 693; x_wconf 85' lang='lat' dir='ltr'><strong>ipsa</strong></span> <span class='ocrx_word' id='word_1_5' title='bbox 1385 619 1517 691; x_wconf 81' lang='lat' dir='ltr'><strong>est3</strong></span> <span class='ocrx_word' id='word_1_6' title='bbox 1556 609 1747 702; x_wconf 87' lang='lat' dir='ltr'><strong>cujus</strong></span> <span class='ocrx_word' id='word_1_7' title='bbox 1792 613 1977 706; x_wconf 81' lang='lat' dir='ltr'><strong>urbis</strong></span> <span class='ocrx_word' id='word_1_8' title='bbox 2016 614 2126 685; x_wconf 89' lang='lat' dir='ltr'><strong>hic</strong></span> <span class='ocrx_word' id='word_1_9' title='bbox 2166 619 2377 689; x_wconf 85' lang='lat' dir='ltr'><strong>situs:</strong></span> 
     </span>
    </p>
   </div>
   <div class='ocr_carea' id='block_1_3' title="bbox 772 701 2122 810">
    <p class='ocr_par' dir='ltr' id='par_1_3' title="bbox 772 701 2122 810">
     <span class='ocr_line' id='line_1_3' title="bbox 772 701 2122 810; baseline 0.021 -44"><span class='ocrx_word' id='word_1_10' title='bbox 772 701 902 768; x_wconf 87' lang='lat' dir='ltr'><strong>Pro</strong></span> <span class='ocrx_word' id='word_1_11' title='bbox 939 703 1124 774; x_wconf 85' lang='lat' dir='ltr'><strong>fonte</strong></span> <span class='ocrx_word' id='word_1_12' title='bbox 1169 705 1328 778; x_wconf 88' lang='lat' dir='ltr'><strong>litus</strong></span> <span class='ocrx_word' id='word_1_13' title='bbox 1368 716 1716 810; x_wconf 80' lang='lat' dir='ltr'><strong>praejacet3</strong></span> <span class='ocrx_word' id='word_1_14' title='bbox 1759 724 1981 793; x_wconf 85' lang='lat' dir='ltr'><strong>tenuis</strong></span> <span class='ocrx_word' id='word_1_15' title='bbox 2016 726 2122 795; x_wconf 80' lang='lat' dir='ltr'><strong>via</strong></span> 
     </span>
    </p>
   </div>
   <div class='ocr_carea' id='block_1_4' title="bbox 765 812 2630 1050">
    <p class='ocr_par' dir='ltr' id='par_1_4' title="bbox 765 812 2630 1050">
     <span class='ocr_line' id='line_1_4' title="bbox 765 812 2269 929; baseline 0.021 -53"><span class='ocrx_word' id='word_1_16' title='bbox 765 812 960 881; x_wconf 85' lang='lat' dir='ltr'><strong>Patet</strong></span> <span class='ocrx_word' id='word_1_17' title='bbox 995 815 1170 885; x_wconf 86' lang='lat' dir='ltr'><strong>inter</strong></span> <span class='ocrx_word' id='word_1_18' title='bbox 1214 821 1454 907; x_wconf 84' lang='lat' dir='ltr'><strong>undas;</strong></span> <span class='ocrx_word' id='word_1_19' title='bbox 1491 823 1699 900; x_wconf 82' lang='lat' dir='ltr'><strong>latera</strong></span> <span class='ocrx_word' id='word_1_20' title='bbox 1736 855 1982 929; x_wconf 82' lang='lat' dir='ltr'><strong>gurges</strong></span> <span class='ocrx_word' id='word_1_21' title='bbox 2018 835 2269 925; x_wconf 84' lang='lat' dir='ltr'><strong>adluit,</strong></span> 
     </span>
     <span class='ocr_line' id='line_1_5' title="bbox 766 922 2630 1050; baseline 0.02 -63"><span class='ocrx_word' id='word_1_22' title='bbox 766 922 1092 1017; x_wconf 86' lang='lat' dir='ltr'>Stagnum</span> <span class='ocrx_word' id='word_1_23' title='bbox 1133 930 1346 1003; x_wconf 87' lang='lat' dir='ltr'><strong>ambit</strong></span> <span class='ocrx_word' id='word_1_24' title='bbox 1383 935 1657 1026; x_wconf 80' lang='lat' dir='ltr'><strong>urbem,</strong></span> <span class='ocrx_word' id='word_1_25' title='bbox 1694 956 1761 1010; x_wconf 87' lang='lat' dir='ltr'><strong>et</strong></span> <span class='ocrx_word' id='word_1_26' title='bbox 1804 945 1982 1014; x_wconf 85' lang='lat' dir='ltr'><strong>unda</strong></span> <span class='ocrx_word' id='word_1_27' title='bbox 2018 946 2257 1020; x_wconf 86' lang='lat' dir='ltr'><strong>lambit</strong></span> <span class='ocrx_word' id='word_1_28' title='bbox 2289 953 2630 1050; x_wconf 85' lang='lat' dir='ltr'><strong>oppidum</strong></span> 
     </span>
    </p>
   </div>
   <div class='ocr_carea' id='block_1_5' title="bbox 556 1269 1595 3662">
    <p class='ocr_par' dir='ltr' id='par_1_5' title="bbox 575 1269 1595 1416">
     <span class='ocr_line' id='line_1_6' title="bbox 575 1269 1595 1348; baseline 0.023 -36"><span class='ocrx_word' id='word_1_29' title='bbox 575 1269 960 1333; x_wconf 85' lang='lat' dir='ltr'><strong>promontorio,</strong></span> <span class='ocrx_word' id='word_1_30' title='bbox 983 1271 1256 1341; x_wconf 83' lang='lat' dir='ltr'><strong>quomodo</strong></span> <span class='ocrx_word' id='word_1_31' title='bbox 1277 1277 1466 1348; x_wconf 65' lang='lat' dir='ltr'><strong>sapius</strong></span> <span class='ocrx_word' id='word_1_32' title='bbox 1489 1279 1595 1334; x_wconf 85' lang='lat' dir='ltr'><strong>No-</strong></span> 
     </span>
     <span class='ocr_line' id='line_1_7' title="bbox 580 1352 1202 1416; baseline 0.024 -25"><span class='ocrx_word' id='word_1_33' title='bbox 580 1353 704 1408; x_wconf 87' lang='lat' dir='ltr'><strong>ster,</strong></span> <span class='ocrx_word' id='word_1_34' title='bbox 721 1355 782 1396; x_wconf 88' lang='lat' dir='ltr'><strong>ut</strong></span> <span class='ocrx_word' id='word_1_35' title='bbox 805 1365 884 1399; x_wconf 77' lang='lat' dir='ltr'><strong>vs.</strong></span> <span class='ocrx_word' id='word_1_36' title='bbox 910 1355 979 1416; x_wconf 79' lang='grc'><strong>94</strong></span> <span class='ocrx_word' id='word_1_37' title='bbox 1005 1362 1057 1402; x_wconf 87' lang='lat' dir='ltr'><strong>et</strong></span> <span class='ocrx_word' id='word_1_38' title='bbox 1080 1352 1202 1416; x_wconf 73' lang='lat'><strong>334.</strong></span> 
     </span>
    </p>

    <p class='ocr_par' dir='ltr' id='par_1_6' title="bbox 565 1420 1595 2460">
     <span class='ocr_line' id='line_1_8' title="bbox 642 1420 1591 1499; baseline 0.018 -25"><span class='ocrx_word' id='word_1_39' title='bbox 642 1420 763 1490; x_wconf 87' lang='lat'><strong>693.</strong></span> <span class='ocrx_word' id='word_1_40' title='bbox 803 1431 1082 1480; x_wconf 73' lang='lat' dir='ltr'><strong>Ieecolentes</strong></span> <span class='ocrx_word' id='word_1_41' title='bbox 1129 1435 1459 1499; x_wconf 68' lang='lat' dir='ltr'><strong>Cecylisttimn</strong></span> <span class='ocrx_word' id='word_1_42' title='bbox 1496 1459 1591 1490; x_wconf 84' lang='lat' dir='ltr'><strong>vo-</strong></span> 
     </span>
     <span class='ocr_line' id='line_1_9' title="bbox 575 1501 1595 1588; baseline 0.024 -39"><span class='ocrx_word' id='word_1_43' title='bbox 575 1516 724 1551; x_wconf 72' lang='lat' dir='ltr'><strong>cant.-</strong></span> <span class='ocrx_word' id='word_1_44' title='bbox 749 1501 824 1556; x_wconf 88' lang='lat' dir='ltr'><strong>sic</strong></span> <span class='ocrx_word' id='word_1_45' title='bbox 855 1506 992 1559; x_wconf 83' lang='lat' dir='ltr'><strong>Ven.</strong></span> <span class='ocrx_word' id='word_1_46' title='bbox 1021 1521 1073 1561; x_wconf 87' lang='lat' dir='ltr'><strong>et</strong></span> <span class='ocrx_word' id='word_1_47' title='bbox 1108 1509 1246 1566; x_wconf 83' lang='lat' dir='ltr'><strong>Pitb.</strong></span> <span class='ocrx_word' id='word_1_48' title='bbox 1273 1512 1366 1567; x_wconf 88' lang='lat' dir='ltr'><strong>sed</strong></span> <span class='ocrx_word' id='word_1_49' title='bbox 1391 1517 1595 1588; x_wconf 87' lang='lat' dir='ltr'><strong>optime</strong></span> 
     </span>
     <span class='ocr_line' id='line_1_10' title="bbox 571 1579 1593 1659; baseline 0.021 -29"><span class='ocrx_word' id='word_1_50' title='bbox 571 1579 871 1635; x_wconf 79' lang='lat' dir='ltr'><strong>emendavit</strong></span> <span class='ocrx_word' id='word_1_51' title='bbox 893 1586 1112 1641; x_wconf 85' lang='lat' dir='ltr'><strong>Vossius</strong></span> <span class='ocrx_word' id='word_1_52' title='bbox 1131 1609 1144 1641; x_wconf 70' lang='grc' dir='ltr'><strong>ε</strong></span> <span class='ocrx_word' id='word_1_53' title='bbox 1162 1597 1310 1659; x_wconf 74' lang='lat' dir='ltr'><strong>Quod</strong></span> <span class='ocrx_word' id='word_1_54' title='bbox 1325 1596 1593 1651; x_wconf 73' lang='lat' dir='ltr'><strong>incolentes</strong></span> 
     </span>
     <span class='ocr_line' id='line_1_11' title="bbox 579 1661 1593 1748; baseline 0.026 -40"><span class='ocrx_word' id='word_1_55' title='bbox 579 1661 902 1715; x_wconf 71' lang='lat' dir='ltr'><strong>Cithariseium</strong></span> <span class='ocrx_word' id='word_1_56' title='bbox 933 1683 1138 1720; x_wconf 76' lang='lat' dir='ltr'><strong>vocant.</strong></span> <span class='ocrx_word' id='word_1_57' title='bbox 1172 1671 1280 1725; x_wconf 75' lang='lat' dir='ltr'><strong>Alii</strong></span> <span class='ocrx_word' id='word_1_58' title='bbox 1319 1673 1426 1728; x_wconf 85' lang='lat' dir='ltr'><strong>hoc</strong></span> <span class='ocrx_word' id='word_1_59' title='bbox 1469 1696 1593 1748; x_wconf 80' lang='lat' dir='ltr'><strong>pm-</strong></span> 
     </span>
     <span class='ocr_line' id='line_1_12' title="bbox 578 1741 1591 1818; baseline 0.022 -30"><span class='ocrx_word' id='word_1_60' title='bbox 578 1741 900 1796; x_wconf 84' lang='lat' dir='ltr'><strong>montorium</strong></span> <span class='ocrx_word' id='word_1_61' title='bbox 911 1750 1194 1818; x_wconf 74' lang='grc' dir='ltr'><strong>Κιθαριστὴν</strong></span> <span class='ocrx_word' id='word_1_62' title='bbox 1213 1763 1265 1804; x_wconf 92' lang='lat' dir='ltr'><strong>et</strong></span> <span class='ocrx_word' id='word_1_63' title='bbox 1281 1757 1591 1811; x_wconf 58' lang='lat' dir='ltr'><strong>&amp;mariscum</strong></span> 
     </span>
     <span class='ocr_line' id='line_1_13' title="bbox 573 1819 1589 1892; baseline 0.025 -25"><span class='ocrx_word' id='word_1_64' title='bbox 573 1819 870 1876; x_wconf 80' lang='lat' dir='ltr'><strong>nominant.</strong></span> <span class='ocrx_word' id='word_1_65' title='bbox 897 1823 1176 1882; x_wconf 82' lang='lat' dir='ltr'><strong>Harduino</strong></span> <span class='ocrx_word' id='word_1_66' title='bbox 1201 1843 1331 1885; x_wconf 81' lang='lat' dir='ltr'><strong>teste</strong></span> <span class='ocrx_word' id='word_1_67' title='bbox 1355 1833 1424 1888; x_wconf 83' lang='lat' dir='ltr'><strong>ad</strong></span> <span class='ocrx_word' id='word_1_68' title='bbox 1448 1835 1589 1892; x_wconf 88' lang='lat' dir='ltr'><strong>Plin.</strong></span> 
     </span>
     <span class='ocr_line' id='line_1_14' title="bbox 567 1895 1591 1981; baseline 0.021 -33"><span class='ocrx_word' id='word_1_69' title='bbox 567 1895 651 1948; x_wconf 89' lang='lat' dir='ltr'><strong>III</strong></span> <span class='ocrx_word' id='word_1_70' title='bbox 664 1936 680 1963; x_wconf 92' lang='lat'><strong>,</strong></span> <span class='ocrx_word' id='word_1_71' title='bbox 703 1905 733 1962; x_wconf 72' lang='grc'><em>4</em></span> <span class='ocrx_word' id='word_1_72' title='bbox 753 1940 769 1966; x_wconf 89' lang='grc'><em>,</em></span> <span class='ocrx_word' id='word_1_73' title='bbox 786 1901 950 1958; x_wconf 85' lang='lat' dir='ltr'><strong>hodie</strong></span> <span class='ocrx_word' id='word_1_74' title='bbox 970 1921 1188 1963; x_wconf 77' lang='lat' dir='ltr'><strong>vocatur</strong></span> <span class='ocrx_word' id='word_1_75' title='bbox 1209 1915 1312 1981; x_wconf 71' lang='lat' dir='ltr'><strong>cap</strong></span> <span class='ocrx_word' id='word_1_76' title='bbox 1329 1917 1503 1977; x_wconf 75' lang='lat' dir='ltr'><strong>Sist&#39;ae,</strong></span> <span class='ocrx_word' id='word_1_77' title='bbox 1528 1937 1591 1969; x_wconf 83' lang='lat' dir='ltr'><strong>ou</strong></span> 
     </span>
     <span class='ocr_line' id='line_1_15' title="bbox 567 1980 1589 2058; baseline 0.023 -32"><span class='ocrx_word' id='word_1_78' title='bbox 567 1980 632 2027; x_wconf 78' lang='lat' dir='ltr'><strong>de</strong></span> <span class='ocrx_word' id='word_1_79' title='bbox 681 1982 968 2058; x_wconf 66' lang='lat' dir='ltr'><strong>Cemhieek.</strong></span> <span class='ocrx_word' id='word_1_80' title='bbox 999 1986 1200 2042; x_wconf 82' lang='lat' dir='ltr'><strong>Contra</strong></span> <span class='ocrx_word' id='word_1_81' title='bbox 1243 1993 1466 2048; x_wconf 85' lang='lat' dir='ltr'><strong>Vossius</strong></span> <span class='ocrx_word' id='word_1_82' title='bbox 1520 1997 1589 2050; x_wconf 82' lang='lat' dir='ltr'><strong>ad</strong></span> 
     </span>
     <span class='ocr_line' id='line_1_16' title="bbox 567 2056 1591 2148; baseline 0.024 -42"><span class='ocrx_word' id='word_1_83' title='bbox 567 2056 695 2110; x_wconf 88' lang='lat' dir='ltr'><strong>Mel.</strong></span> <span class='ocrx_word' id='word_1_84' title='bbox 715 2079 766 2132; x_wconf 86' lang='lat' dir='ltr'><strong>p.</strong></span> <span class='ocrx_word' id='word_1_85' title='bbox 793 2069 890 2132; x_wconf 71' lang='lat'><strong>174</strong></span> <span class='ocrx_word' id='word_1_86' title='bbox 911 2067 1018 2121; x_wconf 83' lang='lat' dir='ltr'><strong>ait:</strong></span> <span class='ocrx_word' id='word_1_87' title='bbox 1039 2068 1212 2123; x_wconf 84' lang='lat' dir='ltr'><strong>Hodie</strong></span> <span class='ocrx_word' id='word_1_88' title='bbox 1231 2074 1440 2128; x_wconf 83' lang='lat' dir='ltr'><strong>nullum</strong></span> <span class='ocrx_word' id='word_1_89' title='bbox 1463 2095 1591 2148; x_wconf 88' lang='lat' dir='ltr'><strong>pro·</strong></span> 
     </span>
     <span class='ocr_line' id='line_1_17' title="bbox 570 2141 1589 2220; baseline 0.024 -33"><span class='ocrx_word' id='word_1_90' title='bbox 570 2141 897 2194; x_wconf 85' lang='lat' dir='ltr'><strong>montorium</strong></span> <span class='ocrx_word' id='word_1_91' title='bbox 924 2143 1028 2198; x_wconf 86' lang='lat' dir='ltr'><strong>hoc</strong></span> <span class='ocrx_word' id='word_1_92' title='bbox 1053 2166 1247 2202; x_wconf 86' lang='lat' dir='ltr'><strong>nomen</strong></span> <span class='ocrx_word' id='word_1_93' title='bbox 1275 2167 1476 2220; x_wconf 82' lang='lat' dir='ltr'><strong>servat,</strong></span> <span class='ocrx_word' id='word_1_94' title='bbox 1495 2157 1589 2210; x_wconf 88' lang='lat' dir='ltr'><strong>sed</strong></span> 
     </span>
     <span class='ocr_line' id='line_1_18' title="bbox 565 2215 1585 2300; baseline 0.02 -32"><span class='ocrx_word' id='word_1_95' title='bbox 565 2215 715 2272; x_wconf 86' lang='lat' dir='ltr'><strong>locus</strong></span> <span class='ocrx_word' id='word_1_96' title='bbox 751 2220 942 2292; x_wconf 84' lang='lat' dir='ltr'><strong>aliquis</strong></span> <span class='ocrx_word' id='word_1_97' title='bbox 977 2225 1122 2279; x_wconf 71' lang='lat' dir='ltr'><strong>haud</strong></span> <span class='ocrx_word' id='word_1_98' title='bbox 1157 2231 1344 2300; x_wconf 82' lang='lat' dir='ltr'><strong>procul</strong></span> <span class='ocrx_word' id='word_1_99' title='bbox 1383 2251 1418 2286; x_wconf 83' lang='lat' dir='ltr'><strong>a</strong></span> <span class='ocrx_word' id='word_1_100' title='bbox 1453 2237 1585 2288; x_wconf 83' lang='lat' dir='ltr'><strong>msri</strong></span> 
     </span>
     <span class='ocr_line' id='line_1_19' title="bbox 574 2297 1587 2387; baseline 0.025 -41"><span class='ocrx_word' id='word_1_101' title='bbox 574 2297 780 2351; x_wconf 60' lang='lat' dir='ltr'><strong>Coimus</strong></span> <span class='ocrx_word' id='word_1_102' title='bbox 817 2316 1057 2357; x_wconf 80' lang='lat' dir='ltr'><strong>vocatur.</strong></span> <span class='ocrx_word' id='word_1_103' title='bbox 1098 2307 1284 2379; x_wconf 86' lang='lat' dir='ltr'><strong>Ipsum</strong></span> <span class='ocrx_word' id='word_1_104' title='bbox 1305 2329 1436 2367; x_wconf 76' lang='lat' dir='ltr'><strong>vero</strong></span> <span class='ocrx_word' id='word_1_105' title='bbox 1466 2333 1587 2387; x_wconf 82' lang='lat' dir='ltr'><strong>pro-</strong></span> 
     </span>
     <span class='ocr_line' id='line_1_20' title="bbox 571 2378 1490 2460; baseline 0.024 -35"><span class='ocrx_word' id='word_1_106' title='bbox 571 2378 898 2432; x_wconf 80' lang='lat' dir='ltr'><strong>montorium</strong></span> <span class='ocrx_word' id='word_1_107' title='bbox 916 2384 1079 2456; x_wconf 74' lang='lat' dir='ltr'><strong>vulgo</strong></span> <span class='ocrx_word' id='word_1_108' title='bbox 1105 2392 1262 2457; x_wconf 78' lang='lat' dir='ltr'><strong>Caput</strong></span> <span class='ocrx_word' id='word_1_109' title='bbox 1276 2396 1490 2460; x_wconf 71' lang='lat' dir='ltr'><strong>Aquila.</strong></span> 
     </span>
    </p>

    <p class='ocr_par' dir='ltr' id='par_1_7' title="bbox 559 2458 1587 3349">
     <span class='ocr_line' id='line_1_21' title="bbox 639 2458 1583 2536; baseline 0.023 -29"><span class='ocrx_word' id='word_1_110' title='bbox 639 2458 762 2521; x_wconf 75' lang='grc'><strong>694.</strong></span> <span class='ocrx_word' id='word_1_111' title='bbox 793 2464 1024 2515; x_wconf 70' lang='lat' dir='ltr'><strong>Massilia</strong></span> <span class='ocrx_word' id='word_1_112' title='bbox 1049 2480 1102 2517; x_wconf 76' lang='lat' dir='ltr'><strong>et</strong></span> <span class='ocrx_word' id='word_1_113' title='bbox 1131 2470 1240 2536; x_wconf 75' lang='lat' dir='ltr'><strong>ipsa</strong></span> <span class='ocrx_word' id='word_1_114' title='bbox 1276 2486 1366 2523; x_wconf 75' lang='lat' dir='ltr'><strong>est.</strong></span> <span class='ocrx_word' id='word_1_115' title='bbox 1392 2473 1476 2528; x_wconf 81' lang='lat' dir='ltr'><strong>Sic</strong></span> <span class='ocrx_word' id='word_1_116' title='bbox 1506 2476 1583 2528; x_wconf 85' lang='lat' dir='ltr'><strong>lo—</strong></span> 
     </span>
     <span class='ocr_line' id='line_1_22' title="bbox 565 2534 1587 2610; baseline 0.025 -26"><span class='ocrx_word' id='word_1_117' title='bbox 565 2534 1084 2605; x_wconf 78' lang='lat' dir='ltr'><strong>quitur-‚eminentem</strong></span> <span class='ocrx_word' id='word_1_118' title='bbox 1095 2548 1426 2605; x_wconf 71' lang='lat' dir='ltr'><strong>nobilissimae</strong></span> <span class='ocrx_word' id='word_1_119' title='bbox 1436 2556 1587 2610; x_wconf 88' lang='lat' dir='ltr'><strong>urbis</strong></span> 
     </span>
     <span class='ocr_line' id='line_1_23' title="bbox 561 2612 1585 2693; baseline 0.024 -28"><span class='ocrx_word' id='word_1_120' title='bbox 561 2612 854 2671; x_wconf 76' lang='lat' dir='ltr'><strong>claritatem</strong></span> <span class='ocrx_word' id='word_1_121' title='bbox 889 2620 1196 2693; x_wconf 77' lang='lat' dir='ltr'><strong>significans</strong></span> <span class='ocrx_word' id='word_1_122' title='bbox 1215 2666 1230 2691; x_wconf 87' lang='lat'><strong>,</strong></span> <span class='ocrx_word' id='word_1_123' title='bbox 1253 2648 1400 2685; x_wconf 85' lang='lat' dir='ltr'><strong>more</strong></span> <span class='ocrx_word' id='word_1_124' title='bbox 1441 2634 1585 2688; x_wconf 67' lang='lat' dir='ltr'><strong>Grn-</strong></span> 
     </span>
     <span class='ocr_line' id='line_1_24' title="bbox 560 2700 1585 2785; baseline 0.022 -40"><span class='ocrx_word' id='word_1_125' title='bbox 560 2711 746 2749; x_wconf 87' lang='lat' dir='ltr'><strong>corum</strong></span> <span class='ocrx_word' id='word_1_126' title='bbox 771 2710 824 2750; x_wconf 88' lang='lat' dir='ltr'><strong>et</strong></span> <span class='ocrx_word' id='word_1_127' title='bbox 851 2700 1158 2759; x_wconf 87' lang='lat' dir='ltr'><strong>Latinorum</strong></span> <span class='ocrx_word' id='word_1_128' title='bbox 1173 2746 1188 2773; x_wconf 90' lang='lat'><strong>,</strong></span> <span class='ocrx_word' id='word_1_129' title='bbox 1211 2711 1302 2781; x_wconf 83' lang='lat' dir='ltr'><strong>qui</strong></span> <span class='ocrx_word' id='word_1_130' title='bbox 1328 2730 1460 2768; x_wconf 79' lang='lat' dir='ltr'><strong>voce</strong></span> <span class='ocrx_word' id='word_1_131' title='bbox 1481 2719 1585 2785; x_wconf 77' lang='lat' dir='ltr'><strong>ipse</strong></span> 
     </span>
     <span class='ocr_line' id='line_1_25' title="bbox 561 2781 1581 2856; baseline 0.025 -32"><span class='ocrx_word' id='word_1_132' title='bbox 561 2790 838 2839; x_wconf 82' lang='lat' dir='ltr'><strong>personam</strong></span> <span class='ocrx_word' id='word_1_133' title='bbox 857 2781 1152 2856; x_wconf 77' lang='lat' dir='ltr'><strong>principem</strong></span> <span class='ocrx_word' id='word_1_134' title='bbox 1171 2800 1222 2841; x_wconf 90' lang='lat' dir='ltr'><strong>et</strong></span> <span class='ocrx_word' id='word_1_135' title='bbox 1241 2792 1581 2848; x_wconf 78' lang='lat' dir='ltr'>excellentem</span> 
     </span>
     <span class='ocr_line' id='line_1_26' title="bbox 561 2849 1582 2939; baseline 0.026 -37"><span class='ocrx_word' id='word_1_136' title='bbox 561 2849 838 2925; x_wconf 73' lang='lat' dir='ltr'><strong>desig-nare</strong></span> <span class='ocrx_word' id='word_1_137' title='bbox 875 2861 1078 2929; x_wconf 77' lang='lat' dir='ltr'><strong>solent,</strong></span> <span class='ocrx_word' id='word_1_138' title='bbox 1106 2885 1210 2939; x_wconf 87' lang='lat' dir='ltr'><strong>qus</strong></span> <span class='ocrx_word' id='word_1_139' title='bbox 1254 2869 1322 2925; x_wconf 85' lang='lat' dir='ltr'><strong>de</strong></span> <span class='ocrx_word' id='word_1_140' title='bbox 1357 2892 1416 2926; x_wconf 90' lang='lat' dir='ltr'><strong>re</strong></span> <span class='ocrx_word' id='word_1_141' title='bbox 1449 2874 1582 2929; x_wconf 77' lang='lat' dir='ltr'><strong>alibi</strong></span> 
     </span>
     <span class='ocr_line' id='line_1_27' title="bbox 560 2930 1581 3009; baseline 0.028 -27"><span class='ocrx_word' id='word_1_142' title='bbox 560 2930 808 2990; x_wconf 82' lang='lat' dir='ltr'><strong>diximus.</strong></span> <span class='ocrx_word' id='word_1_143' title='bbox 838 2940 1009 2997; x_wconf 89' lang='lat' dir='ltr'><strong>Nemo</strong></span> <span class='ocrx_word' id='word_1_144' title='bbox 1033 2966 1162 3001; x_wconf 80' lang='lat' dir='ltr'><strong>vero</strong></span> <span class='ocrx_word' id='word_1_145' title='bbox 1187 2949 1256 3003; x_wconf 89' lang='lat' dir='ltr'><strong>de</strong></span> <span class='ocrx_word' id='word_1_146' title='bbox 1281 2953 1581 3009; x_wconf 78' lang='lat' dir='ltr'><strong>Massilien-</strong></span> 
     </span>
     <span class='ocr_line' id='line_1_28' title="bbox 559 3010 1584 3094; baseline 0.024 -29"><span class='ocrx_word' id='word_1_147' title='bbox 559 3010 698 3065; x_wconf 79' lang='lat' dir='ltr'><strong>sium</strong></span> <span class='ocrx_word' id='word_1_148' title='bbox 723 3018 882 3085; x_wconf 87' lang='lat' dir='ltr'><strong>urbe,</strong></span> <span class='ocrx_word' id='word_1_149' title='bbox 905 3022 1146 3094; x_wconf 73' lang='lat' dir='ltr'><strong>civitate,</strong></span> <span class='ocrx_word' id='word_1_150' title='bbox 1161 3030 1416 3087; x_wconf 78' lang='lat' dir='ltr'><strong>institutis</strong></span> <span class='ocrx_word' id='word_1_151' title='bbox 1437 3046 1488 3087; x_wconf 91' lang='lat' dir='ltr'><strong>et</strong></span> <span class='ocrx_word' id='word_1_152' title='bbox 1508 3037 1584 3090; x_wconf 85' lang='lat' dir='ltr'><strong>fa·</strong></span> 
     </span>
     <span class='ocr_line' id='line_1_29' title="bbox 563 3094 1583 3184; baseline 0.025 -39"><span class='ocrx_word' id='word_1_153' title='bbox 563 3094 630 3147; x_wconf 86' lang='lat' dir='ltr'><strong>tis</strong></span> <span class='ocrx_word' id='word_1_154' title='bbox 655 3100 918 3169; x_wconf 72' lang='lat' dir='ltr'><strong>copiosius</strong></span> <span class='ocrx_word' id='word_1_155' title='bbox 952 3108 1163 3179; x_wconf 72' lang='lat' dir='ltr'><strong>scripsit</strong></span> <span class='ocrx_word' id='word_1_156' title='bbox 1181 3153 1197 3178; x_wconf 86' lang='lat'><em>,</em></span> <span class='ocrx_word' id='word_1_157' title='bbox 1223 3131 1384 3184; x_wconf 86' lang='lat' dir='ltr'><strong>quam</strong></span> <span class='ocrx_word' id='word_1_158' title='bbox 1422 3118 1583 3171; x_wconf 90' lang='lat' dir='ltr'><strong>Conr.</strong></span> 
     </span>
     <span class='ocr_line' id='line_1_30' title="bbox 561 3174 1579 3251; baseline 0.026 -26"><span class='ocrx_word' id='word_1_159' title='bbox 561 3174 967 3251; x_wconf 82' lang='lat' dir='ltr'><strong>Rittershusius,</strong></span> <span class='ocrx_word' id='word_1_160' title='bbox 1015 3204 1299 3245; x_wconf 82' lang='lat' dir='ltr'><strong>comment.</strong></span> <span class='ocrx_word' id='word_1_161' title='bbox 1345 3194 1416 3248; x_wconf 84' lang='lat' dir='ltr'><strong>ad</strong></span> <span class='ocrx_word' id='word_1_162' title='bbox 1466 3197 1579 3249; x_wconf 74' lang='lat' dir='ltr'><strong>sal-</strong></span> 
     </span>
     <span class='ocr_line' id='line_1_31' title="bbox 566 3254 1487 3349; baseline 0.027 -44"><span class='ocrx_word' id='word_1_163' title='bbox 566 3254 708 3309; x_wconf 79' lang='lat' dir='ltr'><strong>vian.</strong></span> <span class='ocrx_word' id='word_1_164' title='bbox 733 3260 803 3315; x_wconf 87' lang='lat' dir='ltr'><strong>de</strong></span> <span class='ocrx_word' id='word_1_165' title='bbox 827 3267 948 3335; x_wconf 79' lang='lat' dir='ltr'><strong>gub.</strong></span> <span class='ocrx_word' id='word_1_166' title='bbox 975 3270 1104 3335; x_wconf 86' lang='lat' dir='ltr'><strong>Dei,</strong></span> <span class='ocrx_word' id='word_1_167' title='bbox 1131 3290 1186 3342; x_wconf 89' lang='lat' dir='ltr'><strong>p.</strong></span> <span class='ocrx_word' id='word_1_168' title='bbox 1215 3273 1318 3327; x_wconf 83' lang='lat'><strong>568</strong></span> <span class='ocrx_word' id='word_1_169' title='bbox 1341 3294 1487 3349; x_wconf 85' lang='lat' dir='ltr'><strong>seqq.</strong></span> 
     </span>
    </p>

    <p class='ocr_par' dir='ltr' id='par_1_8' title="bbox 556 3340 1579 3662">
     <span class='ocr_line' id='line_1_32' title="bbox 627 3340 1576 3413; baseline 0.023 -24"><span class='ocrx_word' id='word_1_170' title='bbox 627 3340 748 3406; x_wconf 82' lang='lat'><strong>695.</strong></span> <span class='ocrx_word' id='word_1_171' title='bbox 777 3347 1027 3413; x_wconf 62' lang='lat' dir='ltr'><strong>Rufinus</strong></span> <span class='ocrx_word' id='word_1_172' title='bbox 1043 3354 1155 3403; x_wconf 76' lang='lat' dir='ltr'><strong>litus</strong></span> <span class='ocrx_word' id='word_1_173' title='bbox 1175 3353 1416 3409; x_wconf 84' lang='lat' dir='ltr'><strong>offerunt</strong></span> <span class='ocrx_word' id='word_1_174' title='bbox 1437 3359 1576 3411; x_wconf 88' lang='lat' dir='ltr'><strong>Ven.</strong></span> 
     </span>
     <span class='ocr_line' id='line_1_33' title="bbox 556 3415 1579 3489; baseline 0.026 -25"><span class='ocrx_word' id='word_1_175' title='bbox 556 3425 606 3465; x_wconf 86' lang='lat' dir='ltr'><strong>et</strong></span> <span class='ocrx_word' id='word_1_176' title='bbox 627 3415 766 3471; x_wconf 81' lang='lat' dir='ltr'><strong>Pith.</strong></span> <span class='ocrx_word' id='word_1_177' title='bbox 783 3422 879 3476; x_wconf 84' lang='lat' dir='ltr'><strong>sed</strong></span> <span class='ocrx_word' id='word_1_178' title='bbox 895 3428 1066 3489; x_wconf 74' lang='lat' dir='ltr'><strong>fiuntc</strong></span> <span class='ocrx_word' id='word_1_179' title='bbox 1091 3432 1299 3486; x_wconf 81' lang='lat' dir='ltr'><strong>exhibet</strong></span> <span class='ocrx_word' id='word_1_180' title='bbox 1319 3436 1390 3488; x_wconf 85' lang='lat' dir='ltr'><strong>V.</strong></span> <span class='ocrx_word' id='word_1_181' title='bbox 1411 3435 1579 3489; x_wconf 84' lang='lat' dir='ltr'><strong>idem-</strong></span> 
     </span>
     <span class='ocr_line' id='line_1_34' title="bbox 558 3499 1574 3585; baseline 0.024 -39"><span class='ocrx_word' id='word_1_182' title='bbox 558 3512 664 3564; x_wconf 75' lang='lat' dir='ltr'><strong>que</strong></span> <span class='ocrx_word' id='word_1_183' title='bbox 703 3499 868 3555; x_wconf 80' lang='lat' dir='ltr'><strong>edidit</strong></span> <span class='ocrx_word' id='word_1_184' title='bbox 901 3505 1068 3562; x_wconf 82' lang='lat' dir='ltr'><strong>Huds.</strong></span> <span class='ocrx_word' id='word_1_185' title='bbox 1111 3524 1278 3578; x_wconf 88' lang='lat' dir='ltr'><strong>recte,</strong></span> <span class='ocrx_word' id='word_1_186' title='bbox 1311 3526 1369 3567; x_wconf 87' lang='lat' dir='ltr'><strong>ut</strong></span> <span class='ocrx_word' id='word_1_187' title='bbox 1409 3528 1574 3585; x_wconf 84' lang='lat' dir='ltr'><strong>puto:</strong></span> 
     </span>
     <span class='ocr_line' id='line_1_35' title="bbox 558 3582 1575 3662; baseline 0.027 -39"><span class='ocrx_word' id='word_1_188' title='bbox 558 3590 684 3626; x_wconf 83' lang='lat' dir='ltr'><strong>nam</strong></span> <span class='ocrx_word' id='word_1_189' title='bbox 715 3582 831 3649; x_wconf 81' lang='lat' dir='ltr'><strong>pari</strong></span> <span class='ocrx_word' id='word_1_190' title='bbox 861 3602 1040 3641; x_wconf 82' lang='lat' dir='ltr'><strong>errore</strong></span> <span class='ocrx_word' id='word_1_191' title='bbox 1069 3607 1228 3662; x_wconf 85' lang='lat' dir='ltr'><strong>supra</strong></span> <span class='ocrx_word' id='word_1_192' title='bbox 1243 3612 1294 3646; x_wconf 78' lang='lat' dir='ltr'><strong>v.</strong></span> <span class='ocrx_word' id='word_1_193' title='bbox 1313 3596 1420 3648; x_wconf 82' lang='lat'><strong>636</strong></span> <span class='ocrx_word' id='word_1_194' title='bbox 1437 3596 1575 3649; x_wconf 78' lang='lat' dir='ltr'><strong>Ven-</strong></span> 
     </span>
    </p>
   </div>
   <div class='ocr_carea' id='block_1_6' title="bbox 558 3651 1617 3742">
    <p class='ocr_par' dir='ltr' id='par_1_9' title="bbox 558 3651 1617 3742">
     <span class='ocr_line' id='line_1_36' title="bbox 558 3651 1617 3742; baseline 0.028 -41"><span class='ocrx_word' id='word_1_195' title='bbox 558 3651 796 3721; x_wconf 76' lang='lat' dir='ltr'><strong>ed-fonee</strong></span> <span class='ocrx_word' id='word_1_196' title='bbox 811 3668 1122 3734; x_wconf 76' lang='lat' dir='ltr'><strong>‹tumst-once</strong></span> <span class='ocrx_word' id='word_1_197' title='bbox 1137 3675 1509 3742; x_wconf 80' lang='lat' dir='ltr'><strong>commutavit,</strong></span> <span class='ocrx_word' id='word_1_198' title='bbox 1528 3690 1579 3729; x_wconf 89' lang='lat' dir='ltr'><strong>et</strong></span> <span class='ocrx_word' id='word_1_199' title='bbox 1612 3682 1617 3689; x_wconf 88' lang='lat'>&#39;</span> 
     </span>
    </p>
   </div>
   <div class='ocr_carea' id='block_1_7' title="bbox 555 3730 1576 4145">
    <p class='ocr_par' dir='ltr' id='par_1_10' title="bbox 555 3730 1576 4145">
     <span class='ocr_line' id='line_1_37' title="bbox 555 3730 1573 3824; baseline 0.03 -43"><span class='ocrx_word' id='word_1_200' title='bbox 555 3730 612 3783; x_wconf 81' lang='lat' dir='ltr'><strong>h.</strong></span> <span class='ocrx_word' id='word_1_201' title='bbox 638 3733 674 3785; x_wconf 84' lang='lat' dir='ltr'><strong>l.</strong></span> <span class='ocrx_word' id='word_1_202' title='bbox 703 3736 878 3793; x_wconf 80' lang='lat' dir='ltr'><strong>fronte</strong></span> <span class='ocrx_word' id='word_1_203' title='bbox 899 3748 1120 3816; x_wconf 84' lang='lat' dir='ltr'><strong>requirit</strong></span> <span class='ocrx_word' id='word_1_204' title='bbox 1137 3752 1359 3805; x_wconf 79' lang='lat' dir='ltr'><strong>verbum</strong></span> <span class='ocrx_word' id='word_1_205' title='bbox 1385 3758 1573 3824; x_wconf 77' lang='lat' dir='ltr'><strong>proeja-</strong></span> 
     </span>
     <span class='ocr_line' id='line_1_38' title="bbox 567 3820 1576 3902; baseline 0.02 -32"><span class='ocrx_word' id='word_1_206' title='bbox 567 3824 672 3872; x_wconf 68' lang='lat'><strong>⁶⁶⁸2</strong></span> <span class='ocrx_word' id='word_1_207' title='bbox 701 3820 982 3888; x_wconf 79' lang='lat' dir='ltr'><strong>requirunt</strong></span> <span class='ocrx_word' id='word_1_208' title='bbox 1023 3832 1266 3902; x_wconf 84' lang='lat' dir='ltr'><strong>opposita</strong></span> <span class='ocrx_word' id='word_1_209' title='bbox 1297 3852 1453 3887; x_wconf 81' lang='lat' dir='ltr'><strong>versu</strong></span> <span class='ocrx_word' id='word_1_210' title='bbox 1491 3854 1576 3888; x_wconf 85' lang='lat' dir='ltr'><strong>se-</strong></span> 
     </span>
     <span class='ocr_line' id='line_1_39' title="bbox 557 3902 1575 3977; baseline 0.028 -37"><span class='ocrx_word' id='word_1_211' title='bbox 557 3904 752 3958; x_wconf 80' lang='lat' dir='ltr'><strong>quente</strong></span> <span class='ocrx_word' id='word_1_212' title='bbox 766 3902 1130 3977; x_wconf 73' lang='lat' dir='ltr'><strong>Iaesra.Neque</strong></span> <span class='ocrx_word' id='word_1_213' title='bbox 1143 3911 1278 3964; x_wconf 79' lang='lat' dir='ltr'><strong>adeo</strong></span> <span class='ocrx_word' id='word_1_214' title='bbox 1291 3913 1575 3969; x_wconf 83' lang='lat' dir='ltr'><strong>admittere</strong></span> 
     </span>
     <span class='ocr_line' id='line_1_40' title="bbox 557 3980 1571 4055; baseline 0.03 -36"><span class='ocrx_word' id='word_1_215' title='bbox 557 3985 798 4039; x_wconf 83' lang='lat' dir='ltr'><strong>possum,</strong></span> <span class='ocrx_word' id='word_1_216' title='bbox 813 3980 960 4047; x_wconf 78' lang='lat' dir='ltr'><strong>quod</strong></span> <span class='ocrx_word' id='word_1_217' title='bbox 980 4000 1203 4055; x_wconf 79' lang='lat' dir='ltr'><strong>magnus</strong></span> <span class='ocrx_word' id='word_1_218' title='bbox 1231 3990 1412 4045; x_wconf 83' lang='lat' dir='ltr'><strong>Heius.</strong></span> <span class='ocrx_word' id='word_1_219' title='bbox 1434 3994 1571 4048; x_wconf 72' lang='lat' dir='ltr'><strong>Adv.</strong></span> 
     </span>
     <span class='ocr_line' id='line_1_41' title="bbox 559 4046 1575 4145; baseline 0.031 -48"><span class='ocrx_word' id='word_1_220' title='bbox 559 4046 644 4100; x_wconf 87' lang='lat'><strong>111</strong></span> <span class='ocrx_word' id='word_1_221' title='bbox 660 4091 676 4116; x_wconf 88' lang='lat'><strong><em>‚</em></strong></span> <span class='ocrx_word' id='word_1_222' title='bbox 693 4070 812 4125; x_wconf 84' lang='lat' dir='ltr'><strong>cap.</strong></span> <span class='ocrx_word' id='word_1_223' title='bbox 839 4072 888 4125; x_wconf 91' lang='lat'><strong>7,</strong></span> <span class='ocrx_word' id='word_1_224' title='bbox 909 4076 962 4129; x_wconf 90' lang='lat' dir='ltr'><strong>p.</strong></span> <span class='ocrx_word' id='word_1_225' title='bbox 985 4068 1086 4131; x_wconf 65' lang='lat'><strong>449</strong></span> <span class='ocrx_word' id='word_1_226' title='bbox 1101 4104 1116 4128; x_wconf 90' lang='lat'>,</span> <span class='ocrx_word' id='word_1_227' title='bbox 1137 4066 1420 4140; x_wconf 78' lang='lat' dir='ltr'><strong>legendum</strong></span> <span class='ocrx_word' id='word_1_228' title='bbox 1443 4092 1575 4145; x_wconf 65' lang='lat' dir='ltr'><strong>pra·</strong></span> 
     </span>
    </p>
   </div>
   <div class='ocr_carea' id='block_1_8' title="bbox 556 4128 1573 4216">
    <p class='ocr_par' dir='ltr' id='par_1_11' title="bbox 556 4128 1573 4216">
     <span class='ocr_line' id='line_1_42' title="bbox 556 4128 1573 4216; baseline 0.029 -38"><span class='ocrx_word' id='word_1_229' title='bbox 556 4128 681 4199; x_wconf 79' lang='lat' dir='ltr'><strong>cipit</strong></span> <span class='ocrx_word' id='word_1_230' title='bbox 707 4139 804 4185; x_wconf 74' lang='lat' dir='ltr'><strong>Pro</strong></span> <span class='ocrx_word' id='word_1_231' title='bbox 824 4152 1004 4201; x_wconf 75' lang='lat' dir='ltr'><strong>ponte,</strong></span> <span class='ocrx_word' id='word_1_232' title='bbox 1027 4145 1176 4216; x_wconf 85' lang='lat' dir='ltr'><strong>cujus</strong></span> <span class='ocrx_word' id='word_1_233' title='bbox 1203 4148 1444 4205; x_wconf 80' lang='lat' dir='ltr'><strong>lectionis</strong></span> <span class='ocrx_word' id='word_1_234' title='bbox 1469 4152 1573 4207; x_wconf 89' lang='lat' dir='ltr'><strong>hoc</strong></span> 
     </span>
    </p>
   </div>
   <div class='ocr_carea' id='block_1_9' title="bbox 1662 1285 2725 4227">
    <p class='ocr_par' dir='ltr' id='par_1_12' title="bbox 1673 1285 2723 1501">
     <span class='ocr_line' id='line_1_43' title="bbox 1680 1285 2723 1354; baseline 0.014 -16"><span class='ocrx_word' id='word_1_235' title='bbox 1680 1285 1799 1340; x_wconf 90' lang='lat' dir='ltr'><strong>loco</strong></span> <span class='ocrx_word' id='word_1_236' title='bbox 1836 1289 1986 1345; x_wconf 79' lang='lat' dir='ltr'><strong>nulla</strong></span> <span class='ocrx_word' id='word_1_237' title='bbox 2023 1293 2169 1348; x_wconf 85' lang='lat' dir='ltr'><strong>adest</strong></span> <span class='ocrx_word' id='word_1_238' title='bbox 2209 1298 2513 1350; x_wconf 71' lang='lat' dir='ltr'><strong>necessitas.</strong></span> <span class='ocrx_word' id='word_1_239' title='bbox 2558 1299 2723 1354; x_wconf 78' lang='lat' dir='ltr'><strong>Idem</strong></span> 
     </span>
     <span class='ocr_line' id='line_1_44' title="bbox 1673 1370 2723 1450; baseline 0.018 -36"><span class='ocrx_word' id='word_1_240' title='bbox 1673 1371 1950 1436; x_wconf 64' lang='lat' dir='ltr'><strong>praejacens</strong></span> <span class='ocrx_word' id='word_1_241' title='bbox 1976 1370 2329 1448; x_wconf 79' lang='lat' dir='ltr'><strong>adscripscrat</strong></span> <span class='ocrx_word' id='word_1_242' title='bbox 2346 1415 2363 1440; x_wconf 91' lang='lat'>,</span> <span class='ocrx_word' id='word_1_243' title='bbox 2391 1377 2577 1431; x_wconf 79' lang='lat' dir='ltr'><strong>neseio</strong></span> <span class='ocrx_word' id='word_1_244' title='bbox 2604 1399 2723 1450; x_wconf 78' lang='lat' dir='ltr'><strong>qua</strong></span> 
     </span>
     <span class='ocr_line' id='line_1_45' title="bbox 1680 1463 2171 1501; baseline 0.014 -3"><span class='ocrx_word' id='word_1_245' title='bbox 1680 1463 1886 1501; x_wconf 77' lang='lat' dir='ltr'><strong>caussa.</strong></span> <span class='ocrx_word' id='word_1_246' title='bbox 2168 1464 2171 1482; x_wconf 83' lang='lat'><em>¹</em></span> 
     </span>
    </p>

    <p class='ocr_par' dir='ltr' id='par_1_13' title="bbox 1662 1505 2725 3497">
     <span class='ocr_line' id='line_1_46' title="bbox 1749 1505 2721 1600; baseline 0.014 -22"><span class='ocrx_word' id='word_1_247' title='bbox 1749 1505 1871 1598; x_wconf 59' lang='lat'>69⁶}-</span> <span class='ocrx_word' id='word_1_248' title='bbox 1902 1533 2141 1600; x_wconf 72' lang='lat' dir='ltr'><strong>Stagnum</strong></span> <span class='ocrx_word' id='word_1_249' title='bbox 2168 1537 2339 1586; x_wconf 78' lang='lat' dir='ltr'><strong>lambit</strong></span> <span class='ocrx_word' id='word_1_250' title='bbox 2370 1541 2543 1589; x_wconf 71' lang='lat' dir='ltr'><strong>urban</strong></span> <span class='ocrx_word' id='word_1_251' title='bbox 2564 1537 2721 1591; x_wconf 62' lang='grc' dir='ltr'><strong>νου.</strong></span> 
     </span>
     <span class='ocr_line' id='line_1_47' title="bbox 1676 1605 2723 1688; baseline 0.011 -30"><span class='ocrx_word' id='word_1_252' title='bbox 1676 1616 1729 1658; x_wconf 90' lang='lat' dir='ltr'><strong>et</strong></span> <span class='ocrx_word' id='word_1_253' title='bbox 1754 1605 1892 1660; x_wconf 87' lang='lat' dir='ltr'><strong>Pith.</strong></span> <span class='ocrx_word' id='word_1_254' title='bbox 1914 1609 2115 1664; x_wconf 72' lang='lat' dir='ltr'><strong>vitiose.</strong></span> <span class='ocrx_word' id='word_1_255' title='bbox 2144 1613 2360 1667; x_wconf 77' lang='lat' dir='ltr'><strong>Nullum</strong></span> <span class='ocrx_word' id='word_1_256' title='bbox 2388 1635 2525 1669; x_wconf 75' lang='lat' dir='ltr'><strong>vero</strong></span> <span class='ocrx_word' id='word_1_257' title='bbox 2550 1634 2723 1688; x_wconf 81' lang='lat' dir='ltr'><strong>nego-</strong></span> 
     </span>
     <span class='ocr_line' id='line_1_48' title="bbox 1676 1684 2715 1764; baseline 0.018 -28"><span class='ocrx_word' id='word_1_258' title='bbox 1676 1684 1809 1737; x_wconf 84' lang='lat' dir='ltr'><strong>tium</strong></span> <span class='ocrx_word' id='word_1_259' title='bbox 1848 1688 1913 1740; x_wconf 86' lang='lat' dir='ltr'><strong>sit</strong></span> <span class='ocrx_word' id='word_1_260' title='bbox 1954 1691 2212 1747; x_wconf 83' lang='lat' dir='ltr'><strong>reducere</strong></span> <span class='ocrx_word' id='word_1_261' title='bbox 2244 1699 2487 1764; x_wconf 76' lang='lat' dir='ltr'><strong>Stagnum</strong></span> <span class='ocrx_word' id='word_1_262' title='bbox 2528 1699 2715 1760; x_wconf 73' lang='lat' dir='ltr'><strong>mbt’t,</strong></span> 
     </span>
     <span class='ocr_line' id='line_1_49' title="bbox 1678 1766 2725 1846; baseline 0.011 -29"><span class='ocrx_word' id='word_1_263' title='bbox 1678 1773 1775 1817; x_wconf 84' lang='lat' dir='ltr'><strong>etc.</strong></span> <span class='ocrx_word' id='word_1_264' title='bbox 1813 1766 2015 1822; x_wconf 89' lang='lat' dir='ltr'><strong>Sonum</strong></span> <span class='ocrx_word' id='word_1_265' title='bbox 2057 1785 2231 1826; x_wconf 85' lang='lat' dir='ltr'><strong>autem</strong></span> <span class='ocrx_word' id='word_1_266' title='bbox 2277 1775 2513 1846; x_wconf 77' lang='lat' dir='ltr'><strong>captavit</strong></span> <span class='ocrx_word' id='word_1_267' title='bbox 2554 1777 2725 1829; x_wconf 77' lang='lat' dir='ltr'><strong>Avie-</strong></span> 
     </span>
     <span class='ocr_line' id='line_1_50' title="bbox 1676 1845 2721 1926; baseline 0.015 -31"><span class='ocrx_word' id='word_1_268' title='bbox 1676 1862 1779 1897; x_wconf 85' lang='lat' dir='ltr'><strong>nus</strong></span> <span class='ocrx_word' id='word_1_269' title='bbox 1806 1845 1863 1899; x_wconf 88' lang='lat' dir='ltr'><strong>in</strong></span> <span class='ocrx_word' id='word_1_270' title='bbox 1892 1849 2125 1921; x_wconf 82' lang='lat' dir='ltr'><strong>ejusdem</strong></span> <span class='ocrx_word' id='word_1_271' title='bbox 2159 1853 2565 1926; x_wconf 83' lang='lat' dir='ltr'><strong>significationis</strong></span> <span class='ocrx_word' id='word_1_272' title='bbox 2592 1875 2721 1910; x_wconf 69' lang='lat' dir='ltr'><strong>ves·-</strong></span> 
     </span>
     <span class='ocr_line' id='line_1_51' title="bbox 1676 1923 2720 1990; baseline 0.014 -17"><span class='ocrx_word' id='word_1_273' title='bbox 1676 1923 1756 1976; x_wconf 90' lang='lat' dir='ltr'><strong>bis</strong></span> <span class='ocrx_word' id='word_1_274' title='bbox 1808 1926 2021 1984; x_wconf 84' lang='lat' dir='ltr'><strong>iteratis.</strong></span> <span class='ocrx_word' id='word_1_275' title='bbox 2074 1931 2144 1984; x_wconf 91' lang='lat' dir='ltr'><strong>Et</strong></span> <span class='ocrx_word' id='word_1_276' title='bbox 2196 1934 2391 1987; x_wconf 83' lang='lat' dir='ltr'><strong>mirum</strong></span> <span class='ocrx_word' id='word_1_277' title='bbox 2438 1935 2720 1990; x_wconf 74' lang='lat' dir='ltr'><strong>Pithoeum</strong></span> 
     </span>
     <span class='ocr_line' id='line_1_52' title="bbox 1674 2006 2721 2086; baseline 0.015 -32"><span class='ocrx_word' id='word_1_278' title='bbox 1674 2006 2023 2076; x_wconf 86' lang='lat' dir='ltr'><strong>conjectando</strong></span> <span class='ocrx_word' id='word_1_279' title='bbox 2075 2011 2261 2066; x_wconf 86' lang='lat' dir='ltr'><strong>saltem</strong></span> <span class='ocrx_word' id='word_1_280' title='bbox 2314 2033 2423 2068; x_wconf 88' lang='lat' dir='ltr'><strong>non</strong></span> <span class='ocrx_word' id='word_1_281' title='bbox 2470 2016 2721 2086; x_wconf 76' lang='lat' dir='ltr'><strong>tetigisse</strong></span> 
     </span>
     <span class='ocr_line' id='line_1_53' title="bbox 1674 2082 2717 2166; baseline 0.014 -32"><span class='ocrx_word' id='word_1_282' title='bbox 1674 2082 1823 2136; x_wconf 84' lang='lat' dir='ltr'><strong>istnc.</strong></span> <span class='ocrx_word' id='word_1_283' title='bbox 1862 2087 1976 2158; x_wconf 84' lang='lat' dir='ltr'><strong>Ego</strong></span> <span class='ocrx_word' id='word_1_284' title='bbox 2013 2109 2142 2144; x_wconf 81' lang='lat' dir='ltr'><strong>vero</strong></span> <span class='ocrx_word' id='word_1_285' title='bbox 2181 2094 2421 2166; x_wconf 84' lang='lat' dir='ltr'><strong>suspicor</strong></span> <span class='ocrx_word' id='word_1_286' title='bbox 2461 2107 2521 2148; x_wconf 87' lang='lat' dir='ltr'><strong>et</strong></span> <span class='ocrx_word' id='word_1_287' title='bbox 2556 2095 2717 2149; x_wconf 78' lang='lat' dir='ltr'><strong>aliud</strong></span> 
     </span>
     <span class='ocr_line' id='line_1_54' title="bbox 1672 2164 2719 2248; baseline 0.013 -32"><span class='ocrx_word' id='word_1_288' title='bbox 1672 2164 1805 2235; x_wconf 88' lang='lat' dir='ltr'><strong>quid</strong></span> <span class='ocrx_word' id='word_1_289' title='bbox 1830 2167 2012 2222; x_wconf 84' lang='lat' dir='ltr'><strong>latere.</strong></span> <span class='ocrx_word' id='word_1_290' title='bbox 2050 2171 2317 2226; x_wconf 86' lang='lat' dir='ltr'><strong>Nimirum</strong></span> <span class='ocrx_word' id='word_1_291' title='bbox 2352 2186 2610 2248; x_wconf 79' lang='lat' dir='ltr'><strong>stagnum</strong></span> <span class='ocrx_word' id='word_1_292' title='bbox 2644 2177 2719 2229; x_wconf 77' lang='lat' dir='ltr'><strong>ab</strong></span> 
     </span>
     <span class='ocr_line' id='line_1_55' title="bbox 1672 2245 2721 2324; baseline 0.013 -30"><span class='ocrx_word' id='word_1_293' title='bbox 1672 2245 1805 2297; x_wconf 86' lang='lat' dir='ltr'><strong>urbe</strong></span> <span class='ocrx_word' id='word_1_294' title='bbox 1836 2247 2028 2300; x_wconf 80' lang='lat' dir='ltr'><strong>ambiri</strong></span> <span class='ocrx_word' id='word_1_295' title='bbox 2052 2248 2192 2316; x_wconf 85' lang='lat' dir='ltr'><strong>dici,</strong></span> <span class='ocrx_word' id='word_1_296' title='bbox 2228 2252 2375 2324; x_wconf 85' lang='lat' dir='ltr'><strong>quod</strong></span> <span class='ocrx_word' id='word_1_297' title='bbox 2405 2254 2462 2306; x_wconf 88' lang='lat' dir='ltr'><strong>in</strong></span> <span class='ocrx_word' id='word_1_298' title='bbox 2502 2274 2567 2307; x_wconf 80' lang='lat' dir='ltr'><strong>ea</strong></span> <span class='ocrx_word' id='word_1_299' title='bbox 2598 2275 2721 2309; x_wconf 86' lang='lat' dir='ltr'><strong>me-</strong></span> 
     </span>
     <span class='ocr_line' id='line_1_56' title="bbox 1670 2321 2717 2407; baseline 0.011 -29"><span class='ocrx_word' id='word_1_300' title='bbox 1670 2321 1755 2378; x_wconf 77' lang='lat' dir='ltr'><strong>dia</strong></span> <span class='ocrx_word' id='word_1_301' title='bbox 1784 2325 1852 2379; x_wconf 85' lang='lat' dir='ltr'><strong>sit</strong></span> <span class='ocrx_word' id='word_1_302' title='bbox 1876 2325 2143 2398; x_wconf 82' lang='lat' dir='ltr'><strong>videlicet,</strong></span> <span class='ocrx_word' id='word_1_303' title='bbox 2166 2352 2291 2385; x_wconf 87' lang='lat' dir='ltr'><strong>mox</strong></span> <span class='ocrx_word' id='word_1_304' title='bbox 2313 2333 2483 2407; x_wconf 79' lang='lat' dir='ltr'><strong>ipsam</strong></span> <span class='ocrx_word' id='word_1_305' title='bbox 2510 2336 2717 2389; x_wconf 83' lang='lat' dir='ltr'><strong>urbem</strong></span> 
     </span>
     <span class='ocr_line' id='line_1_57' title="bbox 1668 2408 2717 2470; baseline 0.011 -12"><span class='ocrx_word' id='word_1_306' title='bbox 1668 2425 1853 2460; x_wconf 87' lang='lat' dir='ltr'><strong>rursus</strong></span> <span class='ocrx_word' id='word_1_307' title='bbox 1878 2408 2025 2462; x_wconf 88' lang='lat' dir='ltr'><strong>unda</strong></span> <span class='ocrx_word' id='word_1_308' title='bbox 2048 2430 2139 2463; x_wconf 88' lang='lat' dir='ltr'><strong>seu</strong></span> <span class='ocrx_word' id='word_1_309' title='bbox 2162 2412 2401 2469; x_wconf 86' lang='lat' dir='ltr'><strong>flumine.</strong></span> <span class='ocrx_word' id='word_1_310' title='bbox 2427 2415 2717 2470; x_wconf 79' lang='lat' dir='ltr'><strong>Frivolum</strong></span> 
     </span>
     <span class='ocr_line' id='line_1_58' title="bbox 1666 2488 2717 2567; baseline 0.01 -28"><span class='ocrx_word' id='word_1_311' title='bbox 1666 2504 1797 2539; x_wconf 85' lang='lat' dir='ltr'><strong>sane</strong></span> <span class='ocrx_word' id='word_1_312' title='bbox 1816 2488 2053 2560; x_wconf 85' lang='lat' dir='ltr'><strong>alioquin</strong></span> <span class='ocrx_word' id='word_1_313' title='bbox 2084 2510 2194 2545; x_wconf 87' lang='lat' dir='ltr'><strong>uno</strong></span> <span class='ocrx_word' id='word_1_314' title='bbox 2220 2493 2520 2567; x_wconf 87' lang='lat' dir='ltr'><strong>eodemque</strong></span> <span class='ocrx_word' id='word_1_315' title='bbox 2550 2516 2717 2550; x_wconf 77' lang='lat' dir='ltr'><strong>ves-su</strong></span> 
     </span>
     <span class='ocr_line' id='line_1_59' title="bbox 1668 2570 2717 2645; baseline 0.012 -28"><span class='ocrx_word' id='word_1_316' title='bbox 1668 2577 1909 2637; x_wconf 81' lang='lat' dir='ltr'><strong>stagnum</strong></span> <span class='ocrx_word' id='word_1_317' title='bbox 1948 2579 2001 2621; x_wconf 91' lang='lat' dir='ltr'><strong>et</strong></span> <span class='ocrx_word' id='word_1_318' title='bbox 2038 2570 2235 2625; x_wconf 83' lang='lat' dir='ltr'><strong>undam</strong></span> <span class='ocrx_word' id='word_1_319' title='bbox 2274 2590 2375 2645; x_wconf 85' lang='lat' dir='ltr'><strong>pro</strong></span> <span class='ocrx_word' id='word_1_320' title='bbox 2412 2574 2611 2628; x_wconf 82' lang='lat' dir='ltr'><strong>eadem</strong></span> <span class='ocrx_word' id='word_1_321' title='bbox 2653 2597 2717 2630; x_wconf 74' lang='lat' dir='ltr'><strong>re</strong></span> 
     </span>
     <span class='ocr_line' id='line_1_60' title="bbox 1666 2644 2717 2726; baseline 0.012 -28"><span class='ocrx_word' id='word_1_322' title='bbox 1666 2644 1862 2700; x_wconf 83' lang='lat' dir='ltr'><strong>dicere.</strong></span> <span class='ocrx_word' id='word_1_323' title='bbox 1884 2648 1996 2701; x_wconf 83' lang='lat' dir='ltr'><strong>Nec</strong></span> <span class='ocrx_word' id='word_1_324' title='bbox 2016 2668 2141 2703; x_wconf 87' lang='lat' dir='ltr'><strong>sane</strong></span> <span class='ocrx_word' id='word_1_325' title='bbox 2162 2664 2267 2705; x_wconf 79' lang='lat' dir='ltr'><strong>tam</strong></span> <span class='ocrx_word' id='word_1_326' title='bbox 2292 2652 2563 2726; x_wconf 84' lang='lat' dir='ltr'><strong>prodigus</strong></span> <span class='ocrx_word' id='word_1_327' title='bbox 2586 2676 2717 2710; x_wconf 70' lang='lat' dir='ltr'><strong>ves·-</strong></span> 
     </span>
     <span class='ocr_line' id='line_1_61' title="bbox 1666 2724 2714 2809; baseline 0.01 -33"><span class='ocrx_word' id='word_1_328' title='bbox 1666 2724 1861 2778; x_wconf 85' lang='lat' dir='ltr'><strong>borum</strong></span> <span class='ocrx_word' id='word_1_329' title='bbox 1888 2724 1975 2781; x_wconf 89' lang='lat' dir='ltr'><strong>hic</strong></span> <span class='ocrx_word' id='word_1_330' title='bbox 2004 2730 2247 2801; x_wconf 73' lang='lat' dir='ltr'><strong>scriptor.</strong></span> <span class='ocrx_word' id='word_1_331' title='bbox 2268 2732 2467 2805; x_wconf 76' lang='lat' dir='ltr'><strong>Legam</strong></span> <span class='ocrx_word' id='word_1_332' title='bbox 2488 2735 2714 2809; x_wconf 79' lang='lat' dir='ltr'><strong>itaque:</strong></span> 
     </span>
     <span class='ocr_line' id='line_1_62' title="bbox 1664 2804 2715 2881; baseline 0.012 -25"><span class='ocrx_word' id='word_1_333' title='bbox 1664 2804 1961 2878; x_wconf 76' lang='lat' dir='ltr'><strong>«Stagnum</strong></span> <span class='ocrx_word' id='word_1_334' title='bbox 2011 2810 2179 2864; x_wconf 82' lang='lat' dir='ltr'><strong>ambit</strong></span> <span class='ocrx_word' id='word_1_335' title='bbox 2226 2809 2353 2865; x_wconf 83' lang='lat' dir='ltr'><strong>urbs</strong></span> <span class='ocrx_word' id='word_1_336' title='bbox 2370 2850 2405 2881; x_wconf 70' lang='grc'><strong>,,</strong></span> <span class='ocrx_word' id='word_1_337' title='bbox 2450 2824 2503 2867; x_wconf 87' lang='lat' dir='ltr'><strong>et</strong></span> <span class='ocrx_word' id='word_1_338' title='bbox 2562 2816 2715 2869; x_wconf 82' lang='lat' dir='ltr'><strong>unda</strong></span> 
     </span>
     <span class='ocr_line' id='line_1_63' title="bbox 1664 2883 2713 2959; baseline 0.016 -26"><span class='ocrx_word' id='word_1_339' title='bbox 1664 2883 1854 2937; x_wconf 83' lang='lat' dir='ltr'><strong>lambit</strong></span> <span class='ocrx_word' id='word_1_340' title='bbox 1894 2889 2151 2959; x_wconf 87' lang='lat' dir='ltr'><strong>oppidum</strong></span> <span class='ocrx_word' id='word_1_341' title='bbox 2174 2916 2217 2942; x_wconf 87' lang='lat'><strong>·.</strong></span> <span class='ocrx_word' id='word_1_342' title='bbox 2254 2890 2493 2947; x_wconf 84' lang='lat' dir='ltr'><strong>Videant</strong></span> <span class='ocrx_word' id='word_1_343' title='bbox 2533 2893 2713 2950; x_wconf 76' lang='lat' dir='ltr'><strong>docti.</strong></span> 
     </span>
     <span class='ocr_line' id='line_1_64' title="bbox 1664 2966 2715 3047; baseline 0.015 -34"><span class='ocrx_word' id='word_1_344' title='bbox 1664 2966 1863 3017; x_wconf 70' lang='lat' dir='ltr'><strong>Burru-</strong></span> <span class='ocrx_word' id='word_1_345' title='bbox 1892 2967 2029 3021; x_wconf 83' lang='lat' dir='ltr'><strong>Adv.</strong></span> <span class='ocrx_word' id='word_1_346' title='bbox 2058 2988 2109 3040; x_wconf 91' lang='lat' dir='ltr'><strong>p.</strong></span> <span class='ocrx_word' id='word_1_347' title='bbox 2137 2968 2288 3024; x_wconf 84' lang='lat'><strong>1336.</strong></span> <span class='ocrx_word' id='word_1_348' title='bbox 2318 3002 2386 3013; x_wconf 91' lang='lat'>—</span> <span class='ocrx_word' id='word_1_349' title='bbox 2413 2971 2544 3026; x_wconf 78' lang='lat' dir='ltr'><strong>Non</strong></span> <span class='ocrx_word' id='word_1_350' title='bbox 2572 2987 2715 3047; x_wconf 86' lang='lat' dir='ltr'><strong>puto</strong></span> 
     </span>
     <span class='ocr_line' id='line_1_65' title="bbox 1664 3042 2712 3122; baseline 0.013 -29"><span class='ocrx_word' id='word_1_351' title='bbox 1664 3042 1863 3097; x_wconf 87' lang='lat' dir='ltr'><strong>multos</strong></span> <span class='ocrx_word' id='word_1_352' title='bbox 1904 3047 2065 3122; x_wconf 85' lang='lat' dir='ltr'><strong>hujus</strong></span> <span class='ocrx_word' id='word_1_353' title='bbox 2108 3068 2214 3104; x_wconf 70' lang='lat' dir='ltr'><strong>suas</strong></span> <span class='ocrx_word' id='word_1_354' title='bbox 2252 3053 2531 3105; x_wconf 59' lang='lat' dir='ltr'><strong>sententia</strong></span> <span class='ocrx_word' id='word_1_355' title='bbox 2582 3056 2712 3106; x_wconf 81' lang='lat' dir='ltr'><strong>sub-</strong></span> 
     </span>
     <span class='ocr_line' id='line_1_66' title="bbox 1662 3123 2711 3194; baseline 0.011 -21"><span class='ocrx_word' id='word_1_356' title='bbox 1662 3123 1946 3194; x_wconf 83' lang='lat' dir='ltr'><strong>scriptores</strong></span> <span class='ocrx_word' id='word_1_357' title='bbox 1964 3142 2253 3183; x_wconf 84' lang='lat' dir='ltr'><strong>nacturum</strong></span> <span class='ocrx_word' id='word_1_358' title='bbox 2268 3148 2381 3183; x_wconf 85' lang='lat' dir='ltr'><strong>esse</strong></span> <span class='ocrx_word' id='word_1_359' title='bbox 2396 3130 2711 3186; x_wconf 79' lang='lat' dir='ltr'><strong>Barthium.</strong></span> 
     </span>
     <span class='ocr_line' id='line_1_67' title="bbox 1664 3202 2710 3283; baseline 0.013 -31"><span class='ocrx_word' id='word_1_360' title='bbox 1664 3202 1981 3275; x_wconf 80' lang='lat' dir='ltr'><strong>contextus,</strong></span> <span class='ocrx_word' id='word_1_361' title='bbox 2000 3220 2132 3279; x_wconf 86' lang='lat' dir='ltr'><strong>puto</strong></span> <span class='ocrx_word' id='word_1_362' title='bbox 2150 3251 2166 3276; x_wconf 88' lang='lat'><strong>,</strong></span> <span class='ocrx_word' id='word_1_363' title='bbox 2197 3210 2306 3281; x_wconf 87' lang='lat' dir='ltr'><strong>ipse</strong></span> <span class='ocrx_word' id='word_1_364' title='bbox 2328 3209 2486 3263; x_wconf 85' lang='lat' dir='ltr'><strong>docet</strong></span> <span class='ocrx_word' id='word_1_365' title='bbox 2510 3210 2710 3283; x_wconf 80' lang='lat' dir='ltr'><strong>legen-</strong></span> 
     </span>
     <span class='ocr_line' id='line_1_68' title="bbox 1664 3280 2711 3345; baseline 0.01 -12"><span class='ocrx_word' id='word_1_366' title='bbox 1664 3280 1793 3335; x_wconf 87' lang='lat' dir='ltr'><strong>dum</strong></span> <span class='ocrx_word' id='word_1_367' title='bbox 1827 3302 1941 3339; x_wconf 85' lang='lat' dir='ltr'><strong>esse</strong></span> <span class='ocrx_word' id='word_1_368' title='bbox 1982 3292 2133 3341; x_wconf 75' lang='lat' dir='ltr'><strong>ambit</strong></span> <span class='ocrx_word' id='word_1_369' title='bbox 2170 3294 2353 3343; x_wconf 81' lang='lat' dir='ltr'><strong>urbem.</strong></span> <span class='ocrx_word' id='word_1_370' title='bbox 2394 3291 2479 3345; x_wconf 89' lang='lat' dir='ltr'><strong>Sic</strong></span> <span class='ocrx_word' id='word_1_371' title='bbox 2523 3293 2711 3345; x_wconf 76' lang='lat' dir='ltr'><strong>voluit</strong></span> 
     </span>
     <span class='ocr_line' id='line_1_69' title="bbox 1664 3360 2715 3437; baseline 0.011 -24"><span class='ocrx_word' id='word_1_372' title='bbox 1664 3360 1827 3415; x_wconf 82' lang='lat' dir='ltr'><strong>etiam</strong></span> <span class='ocrx_word' id='word_1_373' title='bbox 1855 3364 2099 3421; x_wconf 80' lang='lat' dir='ltr'><strong>Heinsius</strong></span> <span class='ocrx_word' id='word_1_374' title='bbox 2116 3406 2132 3432; x_wconf 91' lang='lat'><strong>,</strong></span> <span class='ocrx_word' id='word_1_375' title='bbox 2172 3382 2227 3423; x_wconf 87' lang='lat' dir='ltr'><strong>et</strong></span> <span class='ocrx_word' id='word_1_376' title='bbox 2257 3370 2330 3422; x_wconf 83' lang='lat' dir='ltr'><strong>sic</strong></span> <span class='ocrx_word' id='word_1_377' title='bbox 2353 3368 2523 3423; x_wconf 85' lang='lat' dir='ltr'><strong>edidit</strong></span> <span class='ocrx_word' id='word_1_378' title='bbox 2550 3370 2715 3437; x_wconf 82' lang='lat' dir='ltr'><strong>Hud-</strong></span> 
     </span>
     <span class='ocr_line' id='line_1_70' title="bbox 1665 3458 1842 3497; baseline 0.011 -2"><span class='ocrx_word' id='word_1_379' title='bbox 1665 3458 1842 3497; x_wconf 86' lang='lat' dir='ltr'><strong>sonus.</strong></span> 
     </span>
    </p>

    <p class='ocr_par' dir='ltr' id='par_1_14' title="bbox 1663 3518 2711 4227">
     <span class='ocr_line' id='line_1_71' title="bbox 1736 3518 2711 3590; baseline 0.007 -24"><span class='ocrx_word' id='word_1_380' title='bbox 1736 3518 1861 3583; x_wconf 82' lang='lat'><strong>698.</strong></span> <span class='ocrx_word' id='word_1_381' title='bbox 1894 3521 2163 3587; x_wconf 78' lang='lat' dir='ltr'><strong>Laremque</strong></span> <span class='ocrx_word' id='word_1_382' title='bbox 2182 3522 2314 3589; x_wconf 80' lang='lat' dir='ltr'><strong>fusa</strong></span> <span class='ocrx_word' id='word_1_383' title='bbox 2352 3524 2525 3573; x_wconf 70' lang='lat' dir='ltr'><strong>civitas</strong></span> <span class='ocrx_word' id='word_1_384' title='bbox 2546 3542 2711 3590; x_wconf 71' lang='lat' dir='ltr'><strong>poene</strong></span> 
     </span>
     <span class='ocr_line' id='line_1_72' title="bbox 1666 3596 2707 3671; baseline 0.011 -28"><span class='ocrx_word' id='word_1_385' title='bbox 1666 3596 1830 3646; x_wconf 76' lang='lat' dir='ltr'><strong>insula</strong></span> <span class='ocrx_word' id='word_1_386' title='bbox 1850 3612 1936 3649; x_wconf 81' lang='lat' dir='ltr'><strong>ese.</strong></span> <span class='ocrx_word' id='word_1_387' title='bbox 1955 3598 2065 3669; x_wconf 84' lang='lat' dir='ltr'><strong>Ego</strong></span> <span class='ocrx_word' id='word_1_388' title='bbox 2086 3599 2297 3671; x_wconf 87' lang='lat' dir='ltr'><strong>opinor,</strong></span> <span class='ocrx_word' id='word_1_389' title='bbox 2318 3600 2479 3654; x_wconf 80' lang='lat' dir='ltr'><strong>verba</strong></span> <span class='ocrx_word' id='word_1_390' title='bbox 2502 3602 2707 3654; x_wconf 78' lang='lat' dir='ltr'><strong>ultima</strong></span> 
     </span>
     <span class='ocr_line' id='line_1_73' title="bbox 1667 3671 2705 3749; baseline 0.011 -25"><span class='ocrx_word' id='word_1_391' title='bbox 1667 3671 1827 3746; x_wconf 85' lang='lat' dir='ltr'><strong>hujus</strong></span> <span class='ocrx_word' id='word_1_392' title='bbox 1852 3674 1955 3729; x_wconf 88' lang='lat' dir='ltr'><strong>loci</strong></span> <span class='ocrx_word' id='word_1_393' title='bbox 1976 3680 2046 3745; x_wconf 82' lang='lat' dir='ltr'><strong>(v.</strong></span> <span class='ocrx_word' id='word_1_394' title='bbox 2068 3697 2169 3749; x_wconf 78' lang='lat'><strong>70²</strong></span> <span class='ocrx_word' id='word_1_395' title='bbox 2210 3682 2375 3733; x_wconf 74' lang='lat' dir='ltr'><strong>Evice‘e</strong></span> <span class='ocrx_word' id='word_1_396' title='bbox 2393 3684 2525 3749; x_wconf 70' lang='lat' dir='ltr'><strong>ane)</strong></span> <span class='ocrx_word' id='word_1_397' title='bbox 2542 3681 2705 3735; x_wconf 83' lang='lat' dir='ltr'><strong>hisce</strong></span> 
     </span>
     <span class='ocr_line' id='line_1_74' title="bbox 1666 3753 2701 3832; baseline 0.009 -29"><span class='ocrx_word' id='word_1_398' title='bbox 1666 3753 1850 3822; x_wconf 85' lang='lat' dir='ltr'><strong>primis</strong></span> <span class='ocrx_word' id='word_1_399' title='bbox 1898 3754 2094 3810; x_wconf 83' lang='lat' dir='ltr'><strong>debere</strong></span> <span class='ocrx_word' id='word_1_400' title='bbox 2148 3776 2473 3825; x_wconf 68' lang='lat' dir='ltr'><strong>consonat-«33</strong></span> <span class='ocrx_word' id='word_1_401' title='bbox 2520 3778 2701 3832; x_wconf 80' lang='lat' dir='ltr'><strong>quum</strong></span> 
     </span>
     <span class='ocr_line' id='line_1_75' title="bbox 1667 3834 2703 3911; baseline 0.01 -29"><span class='ocrx_word' id='word_1_402' title='bbox 1667 3834 2047 3889; x_wconf 81' lang='lat' dir='ltr'><strong>sermocinetur</strong></span> <span class='ocrx_word' id='word_1_403' title='bbox 2079 3836 2149 3890; x_wconf 88' lang='lat' dir='ltr'><strong>de</strong></span> <span class='ocrx_word' id='word_1_404' title='bbox 2188 3837 2326 3891; x_wconf 82' lang='lat' dir='ltr'><strong>urbe</strong></span> <span class='ocrx_word' id='word_1_405' title='bbox 2344 3877 2361 3903; x_wconf 88' lang='lat'>,</span> <span class='ocrx_word' id='word_1_406' title='bbox 2382 3855 2503 3910; x_wconf 72' lang='lat' dir='ltr'><strong>qum</strong></span> <span class='ocrx_word' id='word_1_407' title='bbox 2526 3858 2703 3911; x_wconf 80' lang='lat' dir='ltr'><strong>opere</strong></span> 
     </span>
     <span class='ocr_line' id='line_1_76' title="bbox 1664 3912 2702 3989; baseline 0.008 -25"><span class='ocrx_word' id='word_1_408' title='bbox 1664 3912 1993 3968; x_wconf 87' lang='lat' dir='ltr'><strong>manuducto</strong></span> <span class='ocrx_word' id='word_1_409' title='bbox 2036 3918 2091 3971; x_wconf 88' lang='lat' dir='ltr'><strong>in</strong></span> <span class='ocrx_word' id='word_1_410' title='bbox 2136 3918 2365 3989; x_wconf 85' lang='lat' dir='ltr'><strong>speciem</strong></span> <span class='ocrx_word' id='word_1_411' title='bbox 2398 3918 2702 3989; x_wconf 63' lang='lat' dir='ltr'><strong>peninsula</strong></span> 
     </span>
     <span class='ocr_line' id='line_1_77' title="bbox 1664 3993 2699 4070; baseline 0.007 -26"><span class='ocrx_word' id='word_1_412' title='bbox 1664 3993 1960 4066; x_wconf 84' lang='lat' dir='ltr'><strong>antiquitus</strong></span> <span class='ocrx_word' id='word_1_413' title='bbox 1988 3996 2053 4048; x_wconf 89' lang='lat' dir='ltr'><strong>sit</strong></span> <span class='ocrx_word' id='word_1_414' title='bbox 2090 3998 2324 4051; x_wconf 83' lang='lat' dir='ltr'><strong>redacta.</strong></span> <span class='ocrx_word' id='word_1_415' title='bbox 2352 3998 2547 4070; x_wconf 83' lang='lat' dir='ltr'><strong>Itaque</strong></span> <span class='ocrx_word' id='word_1_416' title='bbox 2594 4018 2699 4051; x_wconf 85' lang='lat' dir='ltr'><strong>nec</strong></span> 
     </span>
     <span class='ocr_line' id='line_1_78' title="bbox 1663 4072 2701 4151; baseline 0.007 -26"><span class='ocrx_word' id='word_1_417' title='bbox 1663 4092 1691 4125; x_wconf 81' lang='lat' dir='ltr'><strong>a</strong></span> <span class='ocrx_word' id='word_1_418' title='bbox 1708 4072 1979 4128; x_wconf 74' lang='lat' dir='ltr'><strong>voluntate</strong></span> <span class='ocrx_word' id='word_1_419' title='bbox 1996 4076 2271 4131; x_wconf 83' lang='lat' dir='ltr'><strong>literarum</strong></span> <span class='ocrx_word' id='word_1_420' title='bbox 2291 4076 2498 4151; x_wconf 83' lang='lat' dir='ltr'><strong>longius</strong></span> <span class='ocrx_word' id='word_1_421' title='bbox 2509 4077 2701 4131; x_wconf 74' lang='lat' dir='ltr'><strong>absce-</strong></span> 
     </span>
     <span class='ocr_line' id='line_1_79' title="bbox 1664 4151 2697 4227; baseline 0.005 -23"><span class='ocrx_word' id='word_1_422' title='bbox 1664 4151 1849 4206; x_wconf 86' lang='lat' dir='ltr'><strong>demus</strong></span> <span class='ocrx_word' id='word_1_423' title='bbox 1866 4156 2203 4227; x_wconf 83' lang='lat' dir='ltr'><strong>reponendo:</strong></span> <span class='ocrx_word' id='word_1_424' title='bbox 2231 4184 2251 4203; x_wconf 87' lang='lat'>-</span> <span class='ocrx_word' id='word_1_425' title='bbox 2267 4156 2445 4210; x_wconf 76' lang='lat' dir='ltr'><strong>Artem</strong></span> <span class='ocrx_word' id='word_1_426' title='bbox 2465 4167 2697 4227; x_wconf 84' lang='lat' dir='ltr'><strong>sequuta</strong></span> 
     </span>
    </p>
   </div>
  </div>
 </body>
</html>
