2996 4685
493 353 630 424 382
779 353 983 420 EXC.
1031 351 1090 414 V
1143 349 1267 417 AD
1319 349 1632 416 DESCR.
1686 347 1953 414 ORBlS
2003 347 2343 415 TERRAE.

483 477 580 540 dit
610 473 870 540 Tomari
911 469 1186 536 Dodona
1228 468 1544 532 Molossos
1564 500 1611 531 n.
1648 466 1925 532 Dodona
1956 468 2091 555 ipsa
2124 483 2308 532 vates
2340 467 2625 556 adpella-

479 597 598 642 tur
629 589 894 664 propter
925 570 1262 635 oraculum
1280 617 1298 650 ,
1333 566 1885 656 quemadmodum
1926 589 2143 655 augur
2170 592 2209 632 a
2248 569 2587 658 Propertio
2604 621 2623 646 ,

485 681 586 759 11,
629 700 725 762 17,
759 675 796 738 3
821 697 836 738 :
862 704 887 728 κ
909 670 1034 736 Sed
1067 670 1184 738 tibi
1209 669 1338 749 jam
1371 667 1599 734 videor
1626 667 1903 736 Dodona
1934 669 2147 736 verior
2172 693 2455 760 augur»,
2488 689 2551 735 et
2584 696 2624 736 a

483 775 840 843 Claudiano
882 804 907 828 «
931 772 1170 837 Tmarii
1212 767 1386 834 lovis
1429 793 1639 859 augur
1686 770 1871 834 lucus
1902 802 1959 852 n,
2008 771 2157 834 Bell.
2202 771 2350 836 Get.
2406 795 2467 835 v.
2518 774 2617 838 18.

487 880 806 944 Alumnus
831 897 1021 940 mons
1051 875 1373 937 Tomarus
1399 871 1658 952 dicitur,
1692 887 1767 934 ut
1788 871 2009 936 Gratio
2039 894 2099 934 v.
2126 894 2272 953 roo,
2297 873 2621 936 Maenalus

483 981 678 1058 altor,
702 975 938 1042 Ovidio
955 1023 972 1056 ,
1001 975 1156 1040 Met.
1194 973 1304 1054 lv,
1333 971 1460 1056 293
1479 1021 1500 1053 ,
1534 971 1653 1036 Ida
1683 971 1921 1052 altrix,
1961 989 2025 1036 et
2054 971 2306 1036 alumni
2326 974 2615 1038 Deorum

484 1082 615 1145 loci
648 1103 684 1142 a
730 1075 1119 1156 Prudentio,
1155 1076 1218 1138 ΙΙ
1265 1075 1332 1136 in
1379 1074 1625 1160 Symm.
1675 1095 1733 1136 v.
1782 1070 1938 1154 502,
1977 1072 2213 1161 quibus
2262 1074 2615 1164 singulares

481 1182 591 1245 Dii
623 1179 1002 1245 colebantur
1025 1199 1058 1241 ε.
1077 1175 1364 1240 Dodonae
1395 1190 1614 1238 autem
1649 1171 1943 1238 alumnus
1980 1196 2202 1250 mons,
2236 1192 2311 1238 ut
2341 1197 2615 1264 quaeque

487 1301 654 1348 terra
689 1281 870 1345 urbis
906 1279 1004 1345 vel
1033 1278 1241 1367 gentis
1277 1277 1345 1340 in
1379 1299 1453 1340 ea
1494 1275 1720 1362 positae
1758 1275 2022 1338 alumna
2055 1275 2156 1337 vel
2192 1277 2453 1356 ιιιιενιὶτς
2485 1277 2611 1341 vid.

483 1407 678 1473 supra
701 1407 758 1448 v.
791 1381 917 1467 289
949 1397 1014 1444 et
1043 1402 1163 1465 271
1189 1402 1204 1442 ε
1229 1378 1553 1470 sigillatim
1576 1392 1841 1464 propter
1866 1375 2109 1457 fontes,
2131 1378 2242 1464 qui
2266 1377 2330 1440 in
2355 1380 2615 1444 Tomari

479 1484 805 1550 radicibus
839 1480 1302 1569 erumpebant,
1337 1495 1404 1542 et
1439 1478 1579 1544 sine
1615 1477 1819 1543 dubio
1853 1478 2183 1566 regionem
2220 1478 2611 1548 Dodonoeam

477 1587 806 1677 rigabant,
861 1580 1414 1672 quemadmodum
1467 1603 1661 1668 supra
1717 1579 1955 1643 Noster
1997 1579 2249 1644 Tibrim
2284 1581 2613 1646 alumnum

478 1691 698 1754 ‘Romoe
745 1687 906 1752 dixit
951 1708 1011 1748 v.
1063 1683 1211 1771 495.
1259 1683 1376 1746 Vel
1423 1682 1476 1745 si
1522 1703 1639 1768 per
1686 1695 1899 1744 vatem
1959 1680 2245 1745 Dodona!
2289 1683 2611 1772 sigillatim

477 1790 776 1856 sacerdos
803 1788 1060 1883 templi,
1095 1787 1196 1851 vel
1222 1783 1384 1849 adeo
1411 1805 1691 1872 quercus
1718 1780 2051 1846 Dodonaea
2078 1781 2333 1846 fatidica
2350 1830 2368 1863 ,
2398 1804 2435 1846 a
2462 1783 2611 1846 Vir-

475 1894 660 1984 gilio,
695 1891 945 1978 Georg.
973 1889 1074 1970 11,
1109 1889 1218 1967 16,
1239 1885 1375 1948 val.
1410 1885 1505 1949 Fl.
1538 1887 1605 1965 1,
1642 1881 2048 1964 303‚Claud.
2086 1883 2180 1946 111
2202 1885 2397 1948 Cous.
2434 1887 2610 1949 Hon.

485 2019 512 2059 1
529 1995 606 2060 18
623 2044 641 2077 ,
669 1993 1018 2072 celebrata,
1047 1989 1466 2077 intelligatur,
1489 1986 1705 2075 potuit
1732 1984 2016 2052 Avienus
2037 1986 2391 2050 Tomarum
2418 2009 2613 2054 mon·-

474 2113 608 2161 tem
651 2097 790 2175 ejus
827 2094 988 2159 vatis
1030 2093 1368 2157 alumnum
1408 2089 1652 2171 dicere,
1699 2087 1879 2177 quod
1921 2089 2071 2154 luco
2111 2089 2208 2152 vel
2246 2089 2399 2152 fano
2435 2091 2613 2154 Iovis

473 2197 786 2262 Dodonaei
806 2243 823 2277 ,
859 2194 942 2258 ad
969 2195 1324 2257 Tomarum
1358 2193 1482 2256 sito
1502 2241 1518 2269 ,
1554 2191 2029 2256 continebatur.
2063 2190 2265 2274 Quod
2294 2214 2449 2256 vero
2476 2193 2613 2258 To·—

475 2321 693 2363 marus
745 2295 926 2362 haud
979 2295 1177 2360 dubie
1235 2315 1537 2383 magnam
1586 2309 1833 2383 partem
1883 2293 2064 2382 Epiri
2112 2293 2211 2357 vel
2262 2292 2611 2359 Dodonoeae

473 2400 758 2488 regionis
785 2398 1158 2485 complexus
1187 2411 1314 2477 est,
1339 2396 1495 2459 hinc
1518 2411 1691 2460 recte
1712 2398 1997 2460 Avienus
2022 2396 2237 2483 potuit
2250 2396 2607 2460 Tomarum

473 2516 764 2565 montem
801 2498 1082 2588 regionis
1121 2499 1266 2561 loco
1303 2518 1579 2585 ponere,
1615 2495 2167 2585 quemadmodum
2204 2498 2529 2563 licentius
2562 2500 2605 2562 l.

470 2625 527 2666 c.
567 2602 747 2681 fecit,
793 2595 1094 2685 ubifines
1135 2598 1405 2663 Tomara·
1431 2614 1587 2662 sunt
1624 2597 1785 2663 fines
1826 2598 2225 2687 Thesprotiae
2244 2647 2261 2681 ,
2305 2601 2411 2664 cui
2446 2600 2605 2665 olim

475 2702 749 2767 Dodona
780 2701 1257 2766 accensebatur.
1287 2700 1677 2789 Simpliciter
1708 2716 1997 2764 montem
2026 2722 2149 2788 pro
2174 2701 2437 2789 regione
2451 2750 2469 2784 ,
2502 2702 2605 2767 vel

473 2806 718 2895 populo
745 2803 908 2869 adeo
926 2852 943 2885 ,
969 2802 1192 2893 posuit
1221 2802 1483 2884 Statius,
1509 2801 1660 2867 Silv.
1690 2804 1753 2882 1,
1786 2824 1843 2883 1,
1868 2800 1952 2865 80
1972 2823 1987 2864 ε
2010 2832 2035 2856 κ
2054 2802 2159 2864 Tu
2182 2802 2367 2866 civile
2392 2801 2603 2881 nefas,

469 2924 547 2971 tu
569 2906 827 2971 tardum
857 2907 924 2969 in
957 2904 1192 2970 foedera
1215 2920 1507 2968 montem
1544 2905 1771 2993 Longo
1804 2902 2009 2967 Marte
2038 2900 2265 2967 domas
2284 2934 2341 2985 n,
2368 2926 2603 2993 nempe

471 3009 700 3072 Dacos.
741 3006 971 3093 Neque
997 3005 1160 3069 adeo
1195 3006 1434 3069 mirum
1463 3020 1595 3085 est,
1626 3006 1678 3069 si
1711 3020 1934 3067 nostro
1961 3005 2107 3069 loco
2142 3028 2329 3071 mons
2356 3005 2603 3070 descri-

468 3108 668 3190 bitur,
699 3129 832 3171 non
874 3128 1174 3194 expresso
1209 3106 1507 3187 nomine,
1542 3104 1721 3193 quod
1756 3128 1835 3169 ex
1870 3106 2005 3191 ipsa
2038 3104 2469 3195 descriptione
2500 3108 2603 3171 in-

471 3210 668 3301 telligi
701 3224 937 3299 potest.
973 3207 1122 3271 Wn.

1035 3534 2027 3573 —————-—--000--—————-
