<?xml version="1.0" encoding="UTF-8"?>
<!DOCTYPE html PUBLIC "-//W3C//DTD XHTML 1.0 Transitional//EN"
    "http://www.w3.org/TR/xhtml1/DTD/xhtml1-transitional.dtd">
<html xmlns="http://www.w3.org/1999/xhtml" xml:lang="en" lang="en">
 <head>
  <title>
</title>
<meta http-equiv="Content-Type" content="text/html;charset=utf-8" />
  <meta name='ocr-system' content='tesseract 3.04.00' />
  <meta name='ocr-capabilities' content='ocr_page ocr_carea ocr_par ocr_line ocrx_word'/>
</head>
<body>
  <div class='ocr_page' id='page_1' title='image "./poetaelatinimin01unkngoog_0118.png"; bbox 0 0 2996 4685; ppageno 0'>
   <div class='ocr_carea' id='block_1_1' title="bbox 759 366 2181 437">
    <p class='ocr_par' dir='ltr' id='par_1_1' title="bbox 759 366 2181 437">
     <span class='ocr_line' id='line_1_1' title="bbox 759 366 2181 437; baseline 0.001 -1"><span class='ocrx_word' id='word_1_1' title='bbox 759 367 1384 437; x_wconf 83' lang='lat' dir='ltr'><strong>DESCRIPTIO</strong></span> <span class='ocrx_word' id='word_1_2' title='bbox 1445 366 1744 436; x_wconf 89' lang='lat' dir='ltr'><strong>ORBIS</strong></span> <span class='ocrx_word' id='word_1_3' title='bbox 1802 368 2181 437; x_wconf 86' lang='lat' dir='ltr'><strong>TERRAE.</strong></span> 
     </span>
    </p>
   </div>
   <div class='ocr_carea' id='block_1_2' title="bbox 2398 393 2532 465">
    <p class='ocr_par' dir='ltr' id='par_1_2' title="bbox 2398 393 2532 465">
     <span class='ocr_line' id='line_1_2' title="bbox 2398 393 2532 465; baseline 0.015 -27"><span class='ocrx_word' id='word_1_4' title='bbox 2398 393 2532 465; x_wconf 84' lang='lat'><strong>109</strong></span> 
     </span>
    </p>
   </div>
   <div class='ocr_carea' id='block_1_3' title="bbox 495 485 2531 1137">
    <p class='ocr_par' dir='ltr' id='par_1_3' title="bbox 499 485 2043 581">
     <span class='ocr_line' id='line_1_3' title="bbox 499 485 2043 581; baseline -0.003 -20"><span class='ocrx_word' id='word_1_5' title='bbox 499 490 790 561; x_wconf 81' lang='lat' dir='ltr'>Nomine</span> <span class='ocrx_word' id='word_1_6' title='bbox 832 490 1108 559; x_wconf 81' lang='lat' dir='ltr'>Saturni</span> <span class='ocrx_word' id='word_1_7' title='bbox 1144 485 1273 557; x_wconf 83' lang='lat' dir='ltr'><strong>late</strong></span> <span class='ocrx_word' id='word_1_8' title='bbox 1305 487 1484 581; x_wconf 85' lang='lat' dir='ltr'><strong>jacet</strong></span> <span class='ocrx_word' id='word_1_9' title='bbox 1518 488 1802 580; x_wconf 84' lang='lat' dir='ltr'><strong>aequoris</strong></span> <span class='ocrx_word' id='word_1_10' title='bbox 1846 488 2043 557; x_wconf 86' lang='lat' dir='ltr'><strong>unda.</strong></span> 
     </span>
    </p>

    <p class='ocr_par' dir='ltr' id='par_1_4' title="bbox 499 598 2317 693">
     <span class='ocr_line' id='line_1_4' title="bbox 499 598 2317 693; baseline -0.002 -23"><span class='ocrx_word' id='word_1_11' title='bbox 499 602 626 670; x_wconf 89' lang='lat' dir='ltr'><strong>Hic</strong></span> <span class='ocrx_word' id='word_1_12' title='bbox 670 600 944 669; x_wconf 86' lang='lat' dir='ltr'><strong>densata</strong></span> <span class='ocrx_word' id='word_1_13' title='bbox 984 598 1100 667; x_wconf 84' lang='lat' dir='ltr'><strong>sali</strong></span> <span class='ocrx_word' id='word_1_14' title='bbox 1148 611 1327 667; x_wconf 86' lang='lat' dir='ltr'><strong>stant</strong></span> <span class='ocrx_word' id='word_1_15' title='bbox 1360 620 1733 684; x_wconf 86' lang='lat' dir='ltr'><strong>marmora,</strong></span> <span class='ocrx_word' id='word_1_16' title='bbox 1770 598 2093 692; x_wconf 80' lang='lat' dir='ltr'><strong>pigraque</strong></span> <span class='ocrx_word' id='word_1_17' title='bbox 2127 601 2317 693; x_wconf 87' lang='lat' dir='ltr'><strong>ponti</strong></span> 
     </span>
    </p>

    <p class='ocr_par' dir='ltr' id='par_1_5' title="bbox 495 706 2531 1137">
     <span class='ocr_line' id='line_1_5' title="bbox 498 706 2275 801; baseline -0.002 -21"><span class='ocrx_word' id='word_1_18' title='bbox 498 713 583 780; x_wconf 88' lang='lat' dir='ltr'><strong>Se</strong></span> <span class='ocrx_word' id='word_1_19' title='bbox 621 726 858 780; x_wconf 85' lang='lat' dir='ltr'><strong>natura</strong></span> <span class='ocrx_word' id='word_1_20' title='bbox 897 724 1112 795; x_wconf 87' lang='lat' dir='ltr'><strong>tenet,</strong></span> <span class='ocrx_word' id='word_1_21' title='bbox 1143 732 1513 801; x_wconf 85' lang='lat' dir='ltr'><strong>numquam</strong></span> <span class='ocrx_word' id='word_1_22' title='bbox 1550 709 1687 777; x_wconf 84' lang='lat' dir='ltr'><strong>ruit</strong></span> <span class='ocrx_word' id='word_1_23' title='bbox 1720 706 1961 779; x_wconf 87' lang='lat' dir='ltr'><strong>effluus</strong></span> <span class='ocrx_word' id='word_1_24' title='bbox 1992 709 2275 779; x_wconf 86' lang='lat' dir='ltr'><strong>humor:</strong></span> 
     </span>
     <span class='ocr_line' id='line_1_6' title="bbox 497 817 2209 913; baseline 0 -24"><span class='ocrx_word' id='word_1_25' title='bbox 497 824 811 889; x_wconf 82' lang='lat' dir='ltr'><strong>Mortuus</strong></span> <span class='ocrx_word' id='word_1_26' title='bbox 851 821 961 889; x_wconf 91' lang='lat' dir='ltr'><strong>hic</strong></span> <span class='ocrx_word' id='word_1_27' title='bbox 1006 820 1216 891; x_wconf 85' lang='lat' dir='ltr'><strong>Graio</strong></span> <span class='ocrx_word' id='word_1_28' title='bbox 1256 817 1645 911; x_wconf 86' lang='lat' dir='ltr'><strong>perhibetur</strong></span> <span class='ocrx_word' id='word_1_29' title='bbox 1684 842 1926 913; x_wconf 80' lang='lat' dir='ltr'><strong>gurges</strong></span> <span class='ocrx_word' id='word_1_30' title='bbox 1968 819 2039 889; x_wconf 88' lang='lat' dir='ltr'><strong>in</strong></span> <span class='ocrx_word' id='word_1_31' title='bbox 2080 843 2209 889; x_wconf 86' lang='lat' dir='ltr'><strong>usu</strong></span> 
     </span>
     <span class='ocr_line' id='line_1_7' title="bbox 498 926 2531 1025; baseline -0.002 -26"><span class='ocrx_word' id='word_1_32' title='bbox 498 932 844 1025; x_wconf 85' lang='lat' dir='ltr'><strong>Denique,</strong></span> <span class='ocrx_word' id='word_1_33' title='bbox 872 929 1054 1025; x_wconf 88' lang='lat' dir='ltr'><strong>quod</strong></span> <span class='ocrx_word' id='word_1_34' title='bbox 1095 928 1280 999; x_wconf 86' lang='lat' dir='ltr'><strong>lento</strong></span> <span class='ocrx_word' id='word_1_35' title='bbox 1314 942 1578 1021; x_wconf 81' lang='lat' dir='ltr'><strong>stupeat</strong></span> <span class='ocrx_word' id='word_1_36' title='bbox 1612 926 1809 1023; x_wconf 83' lang='lat' dir='ltr'>plaga</span> <span class='ocrx_word' id='word_1_37' title='bbox 1842 926 2009 998; x_wconf 85' lang='lat' dir='ltr'><strong>salsa</strong></span> <span class='ocrx_word' id='word_1_38' title='bbox 2043 928 2415 1023; x_wconf 85' lang='lat' dir='ltr'><strong>profundo,</strong></span> <span class='ocrx_word' id='word_1_39' title='bbox 2476 956 2531 995; x_wconf 68' lang='grc' dir='ltr'><strong>σο</strong></span> 
     </span>
     <span class='ocr_line' id='line_1_8' title="bbox 495 1038 2249 1137; baseline -0.001 -26"><span class='ocrx_word' id='word_1_40' title='bbox 495 1040 620 1111; x_wconf 81' lang='lat' dir='ltr'><strong>vel</strong></span> <span class='ocrx_word' id='word_1_41' title='bbox 661 1041 858 1137; x_wconf 21' lang='lat' dir='ltr'><strong>quod.</strong></span> <span class='ocrx_word' id='word_1_42' title='bbox 883 1039 1021 1109; x_wconf 92' lang='lat' dir='ltr'><strong>sole</strong></span> <span class='ocrx_word' id='word_1_43' title='bbox 1055 1064 1286 1109; x_wconf 84' lang='lat' dir='ltr'><strong>carens</strong></span> <span class='ocrx_word' id='word_1_44' title='bbox 1327 1062 1480 1133; x_wconf 85' lang='lat' dir='ltr'><strong>pars</strong></span> <span class='ocrx_word' id='word_1_45' title='bbox 1519 1038 1701 1108; x_wconf 83' lang='lat' dir='ltr'><strong>orbis</strong></span> <span class='ocrx_word' id='word_1_46' title='bbox 1740 1052 1909 1109; x_wconf 80' lang='lat' dir='ltr'><strong>tetra</strong></span> <span class='ocrx_word' id='word_1_47' title='bbox 1947 1040 2249 1135; x_wconf 81' lang='lat' dir='ltr'><strong>rigescat.</strong></span> 
     </span>
    </p>
   </div>
   <div class='ocr_carea' id='block_1_4' title="bbox 359 1263 1430 2847">
    <p class='ocr_par' dir='ltr' id='par_1_6' title="bbox 395 1263 1426 1639">
     <span class='ocr_line' id='line_1_9' title="bbox 399 1263 1425 1339; baseline 0.001 -23"><span class='ocrx_word' id='word_1_48' title='bbox 399 1282 596 1317; x_wconf 85' lang='lat' dir='ltr'><strong>nomen</strong></span> <span class='ocrx_word' id='word_1_49' title='bbox 611 1265 779 1337; x_wconf 75' lang='lat' dir='ltr'><strong>gentis</strong></span> <span class='ocrx_word' id='word_1_50' title='bbox 799 1264 1145 1339; x_wconf 77' lang='lat' dir='ltr'><strong>Scytharum,</strong></span> <span class='ocrx_word' id='word_1_51' title='bbox 1159 1263 1304 1317; x_wconf 85' lang='lat' dir='ltr'><strong>unde</strong></span> <span class='ocrx_word' id='word_1_52' title='bbox 1327 1282 1425 1317; x_wconf 87' lang='lat' dir='ltr'><strong>au·</strong></span> 
     </span>
     <span class='ocr_line' id='line_1_10' title="bbox 401 1342 1426 1417; baseline 0.001 -21"><span class='ocrx_word' id='word_1_53' title='bbox 401 1362 520 1397; x_wconf 86' lang='lat' dir='ltr'><strong>rum</strong></span> <span class='ocrx_word' id='word_1_54' title='bbox 537 1346 743 1417; x_wconf 70' lang='lat' dir='ltr'><strong>Scythae</strong></span> <span class='ocrx_word' id='word_1_55' title='bbox 769 1345 954 1416; x_wconf 86' lang='lat' dir='ltr'><strong>legunt</strong></span> <span class='ocrx_word' id='word_1_56' title='bbox 969 1371 1014 1398; x_wconf 73' lang='lat' dir='ltr'><strong>n.</strong></span> <span class='ocrx_word' id='word_1_57' title='bbox 1036 1345 1200 1398; x_wconf 73' lang='lat' dir='ltr'><strong>Sena.</strong></span> <span class='ocrx_word' id='word_1_58' title='bbox 1226 1374 1296 1384; x_wconf 92' lang='lat'>—</span> <span class='ocrx_word' id='word_1_59' title='bbox 1316 1342 1426 1397; x_wconf 85' lang='lat' dir='ltr'><strong>Hos</strong></span> 
     </span>
     <span class='ocr_line' id='line_1_11' title="bbox 401 1422 1426 1495; baseline -0.002 -19"><span class='ocrx_word' id='word_1_60' title='bbox 401 1435 580 1477; x_wconf 86' lang='lat' dir='ltr'><strong>tamen</strong></span> <span class='ocrx_word' id='word_1_61' title='bbox 614 1425 828 1479; x_wconf 73' lang='lat' dir='ltr'><strong>Cluver.</strong></span> <span class='ocrx_word' id='word_1_62' title='bbox 859 1424 1066 1478; x_wconf 82' lang='lat' dir='ltr'><strong>Introd.</strong></span> <span class='ocrx_word' id='word_1_63' title='bbox 1095 1424 1292 1495; x_wconf 79' lang='lat' dir='ltr'><strong>Geogr.</strong></span> <span class='ocrx_word' id='word_1_64' title='bbox 1322 1422 1426 1491; x_wconf 88' lang='lat' dir='ltr'><strong>1v,</strong></span> 
     </span>
     <span class='ocr_line' id='line_1_12' title="bbox 407 1503 1426 1577; baseline -0.002 -20"><span class='ocrx_word' id='word_1_65' title='bbox 407 1524 492 1575; x_wconf 87' lang='lat'><strong>17,</strong></span> <span class='ocrx_word' id='word_1_66' title='bbox 521 1518 678 1558; x_wconf 82' lang='lat' dir='ltr'><strong>vocat</strong></span> <span class='ocrx_word' id='word_1_67' title='bbox 695 1506 1034 1577; x_wconf 76' lang='lat' dir='ltr'><strong>Arimaspos,</strong></span> <span class='ocrx_word' id='word_1_68' title='bbox 1053 1516 1106 1558; x_wconf 86' lang='lat' dir='ltr'><strong>et</strong></span> <span class='ocrx_word' id='word_1_69' title='bbox 1129 1503 1260 1558; x_wconf 88' lang='lat' dir='ltr'><strong>dicit</strong></span> <span class='ocrx_word' id='word_1_70' title='bbox 1277 1503 1426 1557; x_wconf 82' lang='lat' dir='ltr'><strong>fluxu</strong></span> 
     </span>
     <span class='ocr_line' id='line_1_13' title="bbox 395 1585 1106 1639; baseline 0.001 -3"><span class='ocrx_word' id='word_1_71' title='bbox 395 1586 598 1638; x_wconf 81' lang='lat' dir='ltr'><strong>Tanais</strong></span> <span class='ocrx_word' id='word_1_72' title='bbox 625 1585 825 1639; x_wconf 84' lang='lat' dir='ltr'><strong>cinctos</strong></span> <span class='ocrx_word' id='word_1_73' title='bbox 851 1603 978 1639; x_wconf 86' lang='lat' dir='ltr'><strong>esse.</strong></span> <span class='ocrx_word' id='word_1_74' title='bbox 997 1585 1106 1638; x_wconf 80' lang='lat' dir='ltr'><strong>En.</strong></span> 
     </span>
    </p>

    <p class='ocr_par' dir='ltr' id='par_1_7' title="bbox 359 1662 1430 2847">
     <span class='ocr_line' id='line_1_14' title="bbox 473 1662 1424 1736; baseline 0 -19"><span class='ocrx_word' id='word_1_75' title='bbox 473 1664 557 1736; x_wconf 85' lang='lat'><strong>57.</strong></span> <span class='ocrx_word' id='word_1_76' title='bbox 585 1668 678 1717; x_wconf 72' lang='lat' dir='ltr'><strong>Hic</strong></span> <span class='ocrx_word' id='word_1_77' title='bbox 711 1668 925 1717; x_wconf 77' lang='lat' dir='ltr'><strong>densata</strong></span> <span class='ocrx_word' id='word_1_78' title='bbox 963 1668 1086 1725; x_wconf 78' lang='lat' dir='ltr'><strong>sali,</strong></span> <span class='ocrx_word' id='word_1_79' title='bbox 1121 1663 1230 1717; x_wconf 72' lang='lat' dir='ltr'><strong>sive</strong></span> <span class='ocrx_word' id='word_1_80' title='bbox 1257 1662 1384 1717; x_wconf 85' lang='lat' dir='ltr'><strong>limo</strong></span> <span class='ocrx_word' id='word_1_81' title='bbox 1407 1704 1424 1729; x_wconf 89' lang='lat'>,</span> 
     </span>
     <span class='ocr_line' id='line_1_15' title="bbox 398 1741 1426 1815; baseline -0.003 -19"><span class='ocrx_word' id='word_1_82' title='bbox 398 1744 511 1797; x_wconf 79' lang='lat' dir='ltr'><strong>sive</strong></span> <span class='ocrx_word' id='word_1_83' title='bbox 538 1744 694 1799; x_wconf 85' lang='lat' dir='ltr'><strong>etiam</strong></span> <span class='ocrx_word' id='word_1_84' title='bbox 733 1745 856 1815; x_wconf 78' lang='lat' dir='ltr'><strong>gelu</strong></span> <span class='ocrx_word' id='word_1_85' title='bbox 887 1755 940 1797; x_wconf 89' lang='lat' dir='ltr'><strong>et</strong></span> <span class='ocrx_word' id='word_1_86' title='bbox 976 1742 1158 1813; x_wconf 78' lang='lat' dir='ltr'><strong>glaeie.</strong></span> <span class='ocrx_word' id='word_1_87' title='bbox 1195 1741 1426 1794; x_wconf 84' lang='lat' dir='ltr'><strong>Gemina</strong></span> 
     </span>
     <span class='ocr_line' id='line_1_16' title="bbox 400 1818 1430 1894; baseline -0.004 -20"><span class='ocrx_word' id='word_1_88' title='bbox 400 1822 484 1876; x_wconf 80' lang='lat' dir='ltr'><strong>his</strong></span> <span class='ocrx_word' id='word_1_89' title='bbox 511 1835 636 1874; x_wconf 87' lang='lat' dir='ltr'><strong>sunt</strong></span> <span class='ocrx_word' id='word_1_90' title='bbox 653 1862 670 1887; x_wconf 88' lang='lat'>‚</span> <span class='ocrx_word' id='word_1_91' title='bbox 695 1841 813 1894; x_wconf 74' lang='lat' dir='ltr'><strong>quoe</strong></span> <span class='ocrx_word' id='word_1_92' title='bbox 841 1820 1024 1874; x_wconf 79' lang='lat' dir='ltr'><strong>eadem</strong></span> <span class='ocrx_word' id='word_1_93' title='bbox 1052 1818 1120 1873; x_wconf 89' lang='lat' dir='ltr'><strong>de</strong></span> <span class='ocrx_word' id='word_1_94' title='bbox 1151 1820 1310 1890; x_wconf 80' lang='lat' dir='ltr'><strong>plaga</strong></span> <span class='ocrx_word' id='word_1_95' title='bbox 1338 1819 1430 1871; x_wconf 83' lang='lat' dir='ltr'><strong>fri-</strong></span> 
     </span>
     <span class='ocr_line' id='line_1_17' title="bbox 401 1898 1422 1973; baseline -0.005 -19"><span class='ocrx_word' id='word_1_96' title='bbox 401 1902 519 1973; x_wconf 79' lang='lat' dir='ltr'><strong>gida</strong></span> <span class='ocrx_word' id='word_1_97' title='bbox 547 1902 748 1973; x_wconf 82' lang='lat' dir='ltr'><strong>profert</strong></span> <span class='ocrx_word' id='word_1_98' title='bbox 767 1898 961 1953; x_wconf 85' lang='lat' dir='ltr'><strong>Tibull.</strong></span> <span class='ocrx_word' id='word_1_99' title='bbox 989 1899 1088 1965; x_wconf 86' lang='lat' dir='ltr'><strong>IV,</strong></span> <span class='ocrx_word' id='word_1_100' title='bbox 1117 1918 1168 1961; x_wconf 80' lang='lat' dir='ltr'><strong>r,</strong></span> <span class='ocrx_word' id='word_1_101' title='bbox 1190 1916 1269 1950; x_wconf 81' lang='lat' dir='ltr'><strong>vs.</strong></span> <span class='ocrx_word' id='word_1_102' title='bbox 1294 1898 1422 1959; x_wconf 70' lang='lat'>1515:</span> 
     </span>
     <span class='ocr_line' id='line_1_18' title="bbox 401 1974 1428 2033; baseline 0.001 -5"><span class='ocrx_word' id='word_1_103' title='bbox 401 1980 563 2033; x_wconf 82' lang='lat' dir='ltr'><strong>..Illic</strong></span> <span class='ocrx_word' id='word_1_104' title='bbox 595 1992 646 2032; x_wconf 89' lang='lat' dir='ltr'><strong>et</strong></span> <span class='ocrx_word' id='word_1_105' title='bbox 685 1980 844 2033; x_wconf 81' lang='lat' dir='ltr'><strong>densa</strong></span> <span class='ocrx_word' id='word_1_106' title='bbox 894 1978 1047 2031; x_wconf 86' lang='lat' dir='ltr'><strong>tellus</strong></span> <span class='ocrx_word' id='word_1_107' title='bbox 1085 1974 1428 2031; x_wconf 76' lang='lat' dir='ltr'><strong>absconditur</strong></span> 
     </span>
     <span class='ocr_line' id='line_1_19' title="bbox 403 2054 1429 2130; baseline -0.003 -18"><span class='ocrx_word' id='word_1_108' title='bbox 403 2060 588 2112; x_wconf 85' lang='lat' dir='ltr'><strong>umbra</strong></span> <span class='ocrx_word' id='word_1_109' title='bbox 611 2098 626 2123; x_wconf 90' lang='lat'>,</span> <span class='ocrx_word' id='word_1_110' title='bbox 653 2060 721 2112; x_wconf 89' lang='lat' dir='ltr'><strong>Et</strong></span> <span class='ocrx_word' id='word_1_111' title='bbox 743 2059 886 2112; x_wconf 83' lang='lat' dir='ltr'><strong>nulia</strong></span> <span class='ocrx_word' id='word_1_112' title='bbox 907 2058 1118 2130; x_wconf 85' lang='lat' dir='ltr'><strong>incepto</strong></span> <span class='ocrx_word' id='word_1_113' title='bbox 1135 2054 1429 2128; x_wconf 76' lang='lat' dir='ltr'><strong>perlaln‘tur</strong></span> 
     </span>
     <span class='ocr_line' id='line_1_20' title="bbox 401 2134 1421 2211; baseline -0.004 -20"><span class='ocrx_word' id='word_1_114' title='bbox 401 2136 548 2191; x_wconf 78' lang='lat' dir='ltr'><strong>unda</strong></span> <span class='ocrx_word' id='word_1_115' title='bbox 569 2138 814 2211; x_wconf 80' lang='lat' dir='ltr'><strong>liquore·</strong></span> <span class='ocrx_word' id='word_1_116' title='bbox 837 2158 852 2191; x_wconf 72' lang='grc' dir='ltr'><strong>ε</strong></span> <span class='ocrx_word' id='word_1_117' title='bbox 893 2136 1028 2190; x_wconf 83' lang='lat' dir='ltr'><strong>sicut</strong></span> <span class='ocrx_word' id='word_1_118' title='bbox 1054 2136 1142 2189; x_wconf 83' lang='lat' dir='ltr'><strong>hic</strong></span> <span class='ocrx_word' id='word_1_119' title='bbox 1161 2134 1421 2189; x_wconf 78' lang='lat' dir='ltr'><strong>Avienus:</strong></span> 
     </span>
     <span class='ocr_line' id='line_1_21' title="bbox 401 2214 1426 2288; baseline -0.001 -18"><span class='ocrx_word' id='word_1_120' title='bbox 401 2242 428 2263; x_wconf 71' lang='grc' dir='ltr'><strong><em>α</em></strong></span> <span class='ocrx_word' id='word_1_121' title='bbox 449 2236 722 2288; x_wconf 86' lang='lat' dir='ltr'><strong>nunquam</strong></span> <span class='ocrx_word' id='word_1_122' title='bbox 773 2218 879 2271; x_wconf 86' lang='lat' dir='ltr'><strong>ruit</strong></span> <span class='ocrx_word' id='word_1_123' title='bbox 925 2214 1116 2271; x_wconf 83' lang='lat' dir='ltr'><strong>effluus</strong></span> <span class='ocrx_word' id='word_1_124' title='bbox 1163 2214 1426 2269; x_wconf 75' lang='lat' dir='ltr'><strong>humor».</strong></span> 
     </span>
     <span class='ocr_line' id='line_1_22' title="bbox 401 2298 1425 2370; baseline 0 -22"><span class='ocrx_word' id='word_1_125' title='bbox 401 2298 535 2370; x_wconf 83' lang='lat' dir='ltr'><strong>Apte</strong></span> <span class='ocrx_word' id='word_1_126' title='bbox 561 2310 806 2369; x_wconf 64' lang='lat' dir='ltr'><strong>praterea</strong></span> <span class='ocrx_word' id='word_1_127' title='bbox 835 2312 972 2351; x_wconf 78' lang='lat' dir='ltr'><strong>stant</strong></span> <span class='ocrx_word' id='word_1_128' title='bbox 987 2315 1236 2348; x_wconf 82' lang='lat' dir='ltr'><strong>marmor-a</strong></span> <span class='ocrx_word' id='word_1_129' title='bbox 1255 2315 1275 2347; x_wconf 94' lang='lat'><strong>.·</strong></span> <span class='ocrx_word' id='word_1_130' title='bbox 1301 2312 1425 2348; x_wconf 85' lang='lat' dir='ltr'><strong>nam</strong></span> 
     </span>
     <span class='ocr_line' id='line_1_23' title="bbox 399 2375 1426 2450; baseline 0 -22"><span class='ocrx_word' id='word_1_131' title='bbox 399 2393 532 2430; x_wconf 79' lang='lat' dir='ltr'><strong>stare</strong></span> <span class='ocrx_word' id='word_1_132' title='bbox 557 2377 834 2444; x_wconf 82' lang='lat' dir='ltr'><strong>dicuntur,</strong></span> <span class='ocrx_word' id='word_1_133' title='bbox 869 2396 988 2450; x_wconf 76' lang='lat' dir='ltr'><strong>quae</strong></span> <span class='ocrx_word' id='word_1_134' title='bbox 1027 2375 1188 2430; x_wconf 82' lang='lat' dir='ltr'><strong>densa</strong></span> <span class='ocrx_word' id='word_1_135' title='bbox 1224 2387 1278 2429; x_wconf 87' lang='lat' dir='ltr'><strong>et</strong></span> <span class='ocrx_word' id='word_1_136' title='bbox 1303 2393 1426 2428; x_wconf 87' lang='lat' dir='ltr'><strong>con·</strong></span> 
     </span>
     <span class='ocr_line' id='line_1_24' title="bbox 402 2455 1422 2528; baseline -0.001 -20"><span class='ocrx_word' id='word_1_137' title='bbox 402 2456 536 2510; x_wconf 78' lang='lat' dir='ltr'><strong>ferta</strong></span> <span class='ocrx_word' id='word_1_138' title='bbox 565 2469 702 2510; x_wconf 81' lang='lat' dir='ltr'><strong>sunt.</strong></span> <span class='ocrx_word' id='word_1_139' title='bbox 721 2456 868 2528; x_wconf 78' lang='lat' dir='ltr'><strong>virg.</strong></span> <span class='ocrx_word' id='word_1_140' title='bbox 897 2459 1016 2510; x_wconf 82' lang='lat' dir='ltr'><strong>AEn.</strong></span> <span class='ocrx_word' id='word_1_141' title='bbox 1040 2455 1176 2521; x_wconf 83' lang='lat' dir='ltr'><strong>xn,</strong></span> <span class='ocrx_word' id='word_1_142' title='bbox 1203 2475 1251 2510; x_wconf 79' lang='lat' dir='ltr'><strong>v.</strong></span> <span class='ocrx_word' id='word_1_143' title='bbox 1278 2458 1380 2521; x_wconf 72' lang='lat'><strong>408</strong></span> <span class='ocrx_word' id='word_1_144' title='bbox 1407 2473 1422 2507; x_wconf 92' lang='lat'><strong>:</strong></span> 
     </span>
     <span class='ocr_line' id='line_1_25' title="bbox 359 2533 1424 2610; baseline -0.001 -20"><span class='ocrx_word' id='word_1_145' title='bbox 359 2555 368 2564; x_wconf 88' lang='lat'><strong>·</strong></span> <span class='ocrx_word' id='word_1_146' title='bbox 403 2561 426 2584; x_wconf 76' lang='grc' dir='ltr'><strong><em>ο</em></strong></span> <span class='ocrx_word' id='word_1_147' title='bbox 444 2539 554 2610; x_wconf 88' lang='lat' dir='ltr'><strong>jam</strong></span> <span class='ocrx_word' id='word_1_148' title='bbox 577 2538 795 2610; x_wconf 83' lang='lat' dir='ltr'><strong>pulvere</strong></span> <span class='ocrx_word' id='word_1_149' title='bbox 815 2537 998 2590; x_wconf 62' lang='lat' dir='ltr'><strong>calum</strong></span> <span class='ocrx_word' id='word_1_150' title='bbox 1015 2535 1167 2588; x_wconf 88' lang='lat' dir='ltr'><strong>Stare</strong></span> <span class='ocrx_word' id='word_1_151' title='bbox 1189 2533 1424 2589; x_wconf 72' lang='lat' dir='ltr'><strong>vident..</strong></span> 
     </span>
     <span class='ocr_line' id='line_1_26' title="bbox 401 2615 1426 2687; baseline 0 -19"><span class='ocrx_word' id='word_1_152' title='bbox 401 2619 552 2687; x_wconf 70' lang='lat' dir='ltr'><strong>Pigra</strong></span> <span class='ocrx_word' id='word_1_153' title='bbox 591 2622 735 2687; x_wconf 65' lang='lat' dir='ltr'><strong>pond</strong></span> <span class='ocrx_word' id='word_1_154' title='bbox 781 2632 965 2670; x_wconf 79' lang='lat' dir='ltr'><strong>natura</strong></span> <span class='ocrx_word' id='word_1_155' title='bbox 980 2655 996 2677; x_wconf 89' lang='lat'><strong><em>,</em></strong></span> <span class='ocrx_word' id='word_1_156' title='bbox 1047 2615 1085 2668; x_wconf 89' lang='lat' dir='ltr'><strong>i.</strong></span> <span class='ocrx_word' id='word_1_157' title='bbox 1137 2634 1182 2670; x_wconf 82' lang='lat' dir='ltr'><strong>e.</strong></span> <span class='ocrx_word' id='word_1_158' title='bbox 1228 2627 1426 2686; x_wconf 81' lang='lat' dir='ltr'><strong>pontus</strong></span> 
     </span>
     <span class='ocr_line' id='line_1_27' title="bbox 399 2692 1429 2768; baseline 0 -22"><span class='ocrx_word' id='word_1_159' title='bbox 399 2695 575 2768; x_wconf 85' lang='lat' dir='ltr'><strong>piger:</strong></span> <span class='ocrx_word' id='word_1_160' title='bbox 605 2709 848 2751; x_wconf 84' lang='lat' dir='ltr'><strong>naturam</strong></span> <span class='ocrx_word' id='word_1_161' title='bbox 875 2695 950 2748; x_wconf 88' lang='lat' dir='ltr'><strong>rei</strong></span> <span class='ocrx_word' id='word_1_162' title='bbox 977 2713 1076 2766; x_wconf 90' lang='lat' dir='ltr'><strong>pro</strong></span> <span class='ocrx_word' id='word_1_163' title='bbox 1107 2713 1167 2748; x_wconf 87' lang='lat' dir='ltr'><strong>re</strong></span> <span class='ocrx_word' id='word_1_164' title='bbox 1205 2692 1429 2766; x_wconf 82' lang='lat' dir='ltr'><strong>ipsamet</strong></span> 
     </span>
     <span class='ocr_line' id='line_1_28' title="bbox 398 2773 1422 2847; baseline -0.001 -19"><span class='ocrx_word' id='word_1_165' title='bbox 398 2777 556 2847; x_wconf 85' lang='lat' dir='ltr'><strong>poni,</strong></span> <span class='ocrx_word' id='word_1_166' title='bbox 592 2788 774 2830; x_wconf 84' lang='lat' dir='ltr'><strong>monet</strong></span> <span class='ocrx_word' id='word_1_167' title='bbox 801 2775 984 2829; x_wconf 80' lang='lat' dir='ltr'><strong>Barth.</strong></span> <span class='ocrx_word' id='word_1_168' title='bbox 1014 2780 1077 2825; x_wconf 80' lang='lat' dir='ltr'><strong>Se</strong></span> <span class='ocrx_word' id='word_1_169' title='bbox 1113 2788 1270 2836; x_wconf 79' lang='lat' dir='ltr'><strong>tenet,</strong></span> <span class='ocrx_word' id='word_1_170' title='bbox 1309 2773 1350 2826; x_wconf 85' lang='lat' dir='ltr'><strong>i.</strong></span> <span class='ocrx_word' id='word_1_171' title='bbox 1377 2792 1422 2827; x_wconf 87' lang='lat' dir='ltr'><strong>e.</strong></span> 
     </span>
    </p>
   </div>
   <div class='ocr_carea' id='block_1_5' title="bbox 399 2863 1428 3571">
    <p class='ocr_par' dir='ltr' id='par_1_8' title="bbox 401 2863 874 2918">
     <span class='ocr_line' id='line_1_29' title="bbox 401 2863 874 2918; baseline -0.004 0"><span class='ocrx_word' id='word_1_172' title='bbox 401 2865 620 2918; x_wconf 81' lang='lat' dir='ltr'><strong>immota</strong></span> <span class='ocrx_word' id='word_1_173' title='bbox 647 2875 744 2918; x_wconf 90' lang='lat' dir='ltr'><strong>est.</strong></span> <span class='ocrx_word' id='word_1_174' title='bbox 769 2863 874 2917; x_wconf 90' lang='lat' dir='ltr'><strong>W.</strong></span> 
     </span>
    </p>

    <p class='ocr_par' dir='ltr' id='par_1_9' title="bbox 399 2940 1424 3394">
     <span class='ocr_line' id='line_1_30' title="bbox 473 2940 1424 3016; baseline -0.006 -16"><span class='ocrx_word' id='word_1_175' title='bbox 473 2943 558 3016; x_wconf 78' lang='lat'><strong>59.</strong></span> <span class='ocrx_word' id='word_1_176' title='bbox 583 2948 736 2996; x_wconf 79' lang='lat' dir='ltr'><strong>Graio</strong></span> <span class='ocrx_word' id='word_1_177' title='bbox 743 2945 1023 3013; x_wconf 76' lang='lat' dir='ltr'><strong>perhibetur·</strong></span> <span class='ocrx_word' id='word_1_178' title='bbox 1041 2944 1092 2994; x_wconf 76' lang='lat' dir='ltr'><strong>in</strong></span> <span class='ocrx_word' id='word_1_179' title='bbox 1115 2961 1229 3003; x_wconf 84' lang='lat' dir='ltr'><strong>usu,</strong></span> <span class='ocrx_word' id='word_1_180' title='bbox 1247 2940 1282 2994; x_wconf 89' lang='lat' dir='ltr'><strong>i.</strong></span> <span class='ocrx_word' id='word_1_181' title='bbox 1301 2960 1350 2994; x_wconf 85' lang='lat' dir='ltr'><strong>e.</strong></span> <span class='ocrx_word' id='word_1_182' title='bbox 1367 2941 1424 2994; x_wconf 84' lang='lat' dir='ltr'><strong>iu</strong></span> 
     </span>
     <span class='ocr_line' id='line_1_31' title="bbox 403 3019 1422 3078; baseline -0.005 -1"><span class='ocrx_word' id='word_1_183' title='bbox 403 3037 657 3078; x_wconf 74' lang='lat' dir='ltr'><strong>consueto</strong></span> <span class='ocrx_word' id='word_1_184' title='bbox 685 3041 929 3078; x_wconf 80' lang='lat' dir='ltr'><strong>sermone</strong></span> <span class='ocrx_word' id='word_1_185' title='bbox 965 3022 1298 3076; x_wconf 67' lang='lat' dir='ltr'><strong>Graeca-um.</strong></span> <span class='ocrx_word' id='word_1_186' title='bbox 1335 3019 1422 3076; x_wconf 73' lang='lat' dir='ltr'><strong>sie</strong></span> 
     </span>
     <span class='ocr_line' id='line_1_32' title="bbox 399 3099 1424 3176; baseline -0.002 -22"><span class='ocrx_word' id='word_1_187' title='bbox 399 3101 556 3170; x_wconf 84' lang='lat' dir='ltr'><strong>alibi,</strong></span> <span class='ocrx_word' id='word_1_188' title='bbox 581 3123 634 3156; x_wconf 73' lang='lat' dir='ltr'><strong>v.</strong></span> <span class='ocrx_word' id='word_1_189' title='bbox 659 3121 796 3176; x_wconf 79' lang='lat'>770:</span> <span class='ocrx_word' id='word_1_190' title='bbox 825 3129 848 3152; x_wconf 70' lang='grc' dir='ltr'>ι</span> <span class='ocrx_word' id='word_1_191' title='bbox 879 3103 1058 3156; x_wconf 77' lang='lat' dir='ltr'><strong>Insula</strong></span> <span class='ocrx_word' id='word_1_192' title='bbox 1075 3139 1093 3165; x_wconf 87' lang='lat'><strong><em>‚</em></strong></span> <span class='ocrx_word' id='word_1_193' title='bbox 1121 3121 1242 3173; x_wconf 69' lang='lat' dir='ltr'><strong>quo</strong></span> <span class='ocrx_word' id='word_1_194' title='bbox 1261 3099 1424 3176; x_wconf 76' lang='lat' dir='ltr'><strong>prisci</strong></span> 
     </span>
     <span class='ocr_line' id='line_1_33' title="bbox 401 3180 1424 3252; baseline 0 -20"><span class='ocrx_word' id='word_1_195' title='bbox 401 3181 644 3252; x_wconf 83' lang='lat' dir='ltr'><strong>signatur</strong></span> <span class='ocrx_word' id='word_1_196' title='bbox 677 3182 905 3235; x_wconf 82' lang='lat' dir='ltr'><strong>nominis</strong></span> <span class='ocrx_word' id='word_1_197' title='bbox 942 3200 1042 3234; x_wconf 83' lang='lat' dir='ltr'><strong>usu</strong></span> <span class='ocrx_word' id='word_1_198' title='bbox 1073 3183 1250 3234; x_wconf 74' lang='lat' dir='ltr'><strong>Aurea</strong></span> <span class='ocrx_word' id='word_1_199' title='bbox 1263 3207 1307 3233; x_wconf 73' lang='lat' dir='ltr'><strong>n.</strong></span> <span class='ocrx_word' id='word_1_200' title='bbox 1355 3180 1424 3232; x_wconf 86' lang='lat' dir='ltr'><strong>Et</strong></span> 
     </span>
     <span class='ocr_line' id='line_1_34' title="bbox 400 3259 1424 3322; baseline -0.002 -8"><span class='ocrx_word' id='word_1_201' title='bbox 400 3261 500 3314; x_wconf 89' lang='lat' dir='ltr'><strong>Or.</strong></span> <span class='ocrx_word' id='word_1_202' title='bbox 529 3261 700 3314; x_wconf 70' lang='lat' dir='ltr'><strong>mariz.</strong></span> <span class='ocrx_word' id='word_1_203' title='bbox 729 3267 828 3322; x_wconf 72' lang='lat'><strong>40²</strong></span> <span class='ocrx_word' id='word_1_204' title='bbox 856 3281 870 3316; x_wconf 76' lang='lat' dir='ltr'><strong><em>z</em></strong></span> <span class='ocrx_word' id='word_1_205' title='bbox 905 3287 931 3308; x_wconf 76' lang='grc' dir='ltr'><strong>ιι</strong></span> <span class='ocrx_word' id='word_1_206' title='bbox 957 3259 1114 3314; x_wconf 81' lang='lat' dir='ltr'><strong>Hunc</strong></span> <span class='ocrx_word' id='word_1_207' title='bbox 1141 3279 1268 3312; x_wconf 75' lang='lat' dir='ltr'><strong>usus</strong></span> <span class='ocrx_word' id='word_1_208' title='bbox 1295 3260 1424 3314; x_wconf 87' lang='lat' dir='ltr'><strong>olim</strong></span> 
     </span>
     <span class='ocr_line' id='line_1_35' title="bbox 401 3335 1197 3394; baseline 0.004 -4"><span class='ocrx_word' id='word_1_209' title='bbox 401 3335 534 3392; x_wconf 83' lang='lat' dir='ltr'>dixit</span> <span class='ocrx_word' id='word_1_210' title='bbox 559 3339 838 3394; x_wconf 78' lang='lat' dir='ltr'><strong>Oceanum</strong></span> <span class='ocrx_word' id='word_1_211' title='bbox 854 3351 1002 3393; x_wconf 81' lang='lat' dir='ltr'><strong>vetus</strong></span> <span class='ocrx_word' id='word_1_212' title='bbox 1025 3364 1072 3391; x_wconf 73' lang='grc' dir='ltr'><strong>ι.</strong></span> <span class='ocrx_word' id='word_1_213' title='bbox 1095 3338 1197 3393; x_wconf 88' lang='lat' dir='ltr'><strong>W.</strong></span> 
     </span>
    </p>

    <p class='ocr_par' dir='ltr' id='par_1_10' title="bbox 400 3418 1428 3571">
     <span class='ocr_line' id='line_1_36' title="bbox 471 3418 1428 3487; baseline -0.003 -15"><span class='ocrx_word' id='word_1_214' title='bbox 471 3423 560 3472; x_wconf 89' lang='lat'><strong>60.</strong></span> <span class='ocrx_word' id='word_1_215' title='bbox 593 3421 822 3487; x_wconf 79' lang='lat' dir='ltr'><strong>Denique</strong></span> <span class='ocrx_word' id='word_1_216' title='bbox 865 3437 1014 3486; x_wconf 81' lang='lat' dir='ltr'><strong>quam</strong></span> <span class='ocrx_word' id='word_1_217' title='bbox 1053 3423 1202 3471; x_wconf 72' lang='lat' dir='ltr'><strong>lento.</strong></span> <span class='ocrx_word' id='word_1_218' title='bbox 1233 3418 1428 3475; x_wconf 80' lang='lat' dir='ltr'><strong>Parum</strong></span> 
     </span>
     <span class='ocr_line' id='line_1_37' title="bbox 400 3494 1426 3571; baseline -0.002 -19"><span class='ocrx_word' id='word_1_219' title='bbox 400 3511 532 3571; x_wconf 63' lang='lat' dir='ltr'><strong>apta</strong></span> <span class='ocrx_word' id='word_1_220' title='bbox 551 3511 678 3552; x_wconf 86' lang='lat' dir='ltr'><strong>suut</strong></span> <span class='ocrx_word' id='word_1_221' title='bbox 689 3539 706 3566; x_wconf 90' lang='lat'>,</span> <span class='ocrx_word' id='word_1_222' title='bbox 723 3516 858 3571; x_wconf 78' lang='lat' dir='ltr'><strong>quas</strong></span> <span class='ocrx_word' id='word_1_223' title='bbox 875 3497 1122 3551; x_wconf 79' lang='lat' dir='ltr'><strong>Barthiu·</strong></span> <span class='ocrx_word' id='word_1_224' title='bbox 1141 3507 1194 3550; x_wconf 87' lang='lat' dir='ltr'><strong>et</strong></span> <span class='ocrx_word' id='word_1_225' title='bbox 1211 3494 1426 3550; x_wconf 81' lang='lat' dir='ltr'><strong>Hudso-</strong></span> 
     </span>
    </p>
   </div>
   <div class='ocr_carea' id='block_1_6' title="bbox 397 3575 1440 3652">
    <p class='ocr_par' dir='ltr' id='par_1_11' title="bbox 397 3575 1440 3652">
     <span class='ocr_line' id='line_1_38' title="bbox 397 3575 1440 3652; baseline -0.006 -20"><span class='ocrx_word' id='word_1_226' title='bbox 397 3598 502 3632; x_wconf 87' lang='lat' dir='ltr'><strong>nus</strong></span> <span class='ocrx_word' id='word_1_227' title='bbox 525 3580 687 3652; x_wconf 87' lang='lat' dir='ltr'><strong>hujus</strong></span> <span class='ocrx_word' id='word_1_228' title='bbox 713 3577 816 3632; x_wconf 84' lang='lat' dir='ltr'><strong>loci</strong></span> <span class='ocrx_word' id='word_1_229' title='bbox 845 3575 1240 3632; x_wconf 78' lang='lat' dir='ltr'><strong>emendationes</strong></span> <span class='ocrx_word' id='word_1_230' title='bbox 1261 3587 1440 3630; x_wconf 47' lang='lat' dir='ltr'><strong>teuta,</strong></span> 
     </span>
    </p>
   </div>
   <div class='ocr_carea' id='block_1_7' title="bbox 332 3657 1425 4206">
    <p class='ocr_par' dir='ltr' id='par_1_12' title="bbox 332 3657 1425 4206">
     <span class='ocr_line' id='line_1_39' title="bbox 399 3657 1425 3731; baseline 0.001 -19"><span class='ocrx_word' id='word_1_231' title='bbox 399 3672 540 3712; x_wconf 86' lang='lat' dir='ltr'><strong>runt.</strong></span> <span class='ocrx_word' id='word_1_232' title='bbox 562 3659 706 3731; x_wconf 80' lang='lat' dir='ltr'><strong>Lege</strong></span> <span class='ocrx_word' id='word_1_233' title='bbox 735 3671 788 3712; x_wconf 88' lang='lat' dir='ltr'><strong>et</strong></span> <span class='ocrx_word' id='word_1_234' title='bbox 813 3657 1116 3730; x_wconf 85' lang='lat' dir='ltr'><strong>distingue:</strong></span> <span class='ocrx_word' id='word_1_235' title='bbox 1145 3657 1425 3713; x_wconf 72' lang='lat' dir='ltr'><strong>«Momm</strong></span> 
     </span>
     <span class='ocr_line' id='line_1_40' title="bbox 400 3735 1424 3810; baseline -0.001 -21"><span class='ocrx_word' id='word_1_236' title='bbox 400 3735 490 3792; x_wconf 83' lang='lat' dir='ltr'><strong>hic</strong></span> <span class='ocrx_word' id='word_1_237' title='bbox 515 3739 682 3792; x_wconf 89' lang='lat' dir='ltr'><strong>Graio</strong></span> <span class='ocrx_word' id='word_1_238' title='bbox 707 3737 1014 3810; x_wconf 84' lang='lat' dir='ltr'><strong>perhibetur</strong></span> <span class='ocrx_word' id='word_1_239' title='bbox 1035 3755 1222 3809; x_wconf 78' lang='lat' dir='ltr'><strong>gurges</strong></span> <span class='ocrx_word' id='word_1_240' title='bbox 1245 3737 1300 3788; x_wconf 84' lang='lat' dir='ltr'><strong>in</strong></span> <span class='ocrx_word' id='word_1_241' title='bbox 1324 3754 1424 3788; x_wconf 87' lang='lat' dir='ltr'><strong>usu</strong></span> 
     </span>
     <span class='ocr_line' id='line_1_41' title="bbox 332 3815 1422 3891; baseline -0.002 -23"><span class='ocrx_word' id='word_1_242' title='bbox 332 3822 338 3828; x_wconf 83' lang='lat'><strong><em>&#39;</em></strong></span> <span class='ocrx_word' id='word_1_243' title='bbox 399 3817 666 3889; x_wconf 81' lang='lat' dir='ltr'><strong>Denique,</strong></span> <span class='ocrx_word' id='word_1_244' title='bbox 683 3816 829 3891; x_wconf 81' lang='lat' dir='ltr'><strong>quod</strong></span> <span class='ocrx_word' id='word_1_245' title='bbox 856 3817 1002 3871; x_wconf 84' lang='lat' dir='ltr'><strong>lento</strong></span> <span class='ocrx_word' id='word_1_246' title='bbox 1029 3826 1240 3888; x_wconf 77' lang='lat' dir='ltr'><strong>stupeat</strong></span> <span class='ocrx_word' id='word_1_247' title='bbox 1265 3815 1422 3888; x_wconf 76' lang='lat' dir='ltr'><strong>plaga</strong></span> 
     </span>
     <span class='ocr_line' id='line_1_42' title="bbox 401 3894 1420 3968; baseline -0.001 -20"><span class='ocrx_word' id='word_1_248' title='bbox 401 3895 538 3950; x_wconf 80' lang='lat' dir='ltr'><strong>salsa</strong></span> <span class='ocrx_word' id='word_1_249' title='bbox 583 3897 852 3968; x_wconf 79' lang='lat' dir='ltr'><strong>profundo</strong></span> <span class='ocrx_word' id='word_1_250' title='bbox 867 3935 896 3968; x_wconf 26' lang='lat'><strong>,⁸</strong></span> <span class='ocrx_word' id='word_1_251' title='bbox 918 3897 1022 3949; x_wconf 84' lang='lat' dir='ltr'><strong>vel</strong></span> <span class='ocrx_word' id='word_1_252' title='bbox 1051 3894 1200 3968; x_wconf 79' lang='lat' dir='ltr'><strong>quod</strong></span> <span class='ocrx_word' id='word_1_253' title='bbox 1217 3932 1234 3958; x_wconf 89' lang='lat'><strong>,</strong></span> <span class='ocrx_word' id='word_1_254' title='bbox 1271 3907 1372 3948; x_wconf 84' lang='lat' dir='ltr'><strong>etc.</strong></span> <span class='ocrx_word' id='word_1_255' title='bbox 1397 3920 1420 3942; x_wconf 72' lang='lat' dir='ltr'><strong>a·</strong></span> 
     </span>
     <span class='ocr_line' id='line_1_43' title="bbox 401 3971 1424 4048; baseline -0.003 -20"><span class='ocrx_word' id='word_1_256' title='bbox 401 3973 606 4028; x_wconf 87' lang='lat' dir='ltr'><strong>Deinde</strong></span> <span class='ocrx_word' id='word_1_257' title='bbox 629 3995 770 4030; x_wconf 81' lang='lat' dir='ltr'><strong>nova</strong></span> <span class='ocrx_word' id='word_1_258' title='bbox 797 3974 1022 4048; x_wconf 83' lang='lat' dir='ltr'><strong>periodo</strong></span> <span class='ocrx_word' id='word_1_259' title='bbox 1043 3993 1058 4027; x_wconf 74' lang='grc' dir='ltr'><strong><em>ε</em></strong></span> <span class='ocrx_word' id='word_1_260' title='bbox 1088 4001 1112 4022; x_wconf 74' lang='grc' dir='ltr'><strong>α</strong></span> <span class='ocrx_word' id='word_1_261' title='bbox 1135 3973 1240 4028; x_wconf 80' lang='lat' dir='ltr'><strong>Vix</strong></span> <span class='ocrx_word' id='word_1_262' title='bbox 1259 3971 1424 4026; x_wconf 83' lang='lat' dir='ltr'><strong>hebes</strong></span> 
     </span>
     <span class='ocr_line' id='line_1_44' title="bbox 399 4051 1418 4120; baseline -0.001 -14"><span class='ocrx_word' id='word_1_263' title='bbox 399 4053 496 4110; x_wconf 81' lang='lat' dir='ltr'><strong>has</strong></span> <span class='ocrx_word' id='word_1_264' title='bbox 521 4073 643 4111; x_wconf 79' lang='lat' dir='ltr'><strong>oras</strong></span> <span class='ocrx_word' id='word_1_265' title='bbox 655 4091 775 4108; x_wconf 89' lang='grc'><strong>.....</strong></span> <span class='ocrx_word' id='word_1_266' title='bbox 784 4055 894 4108; x_wconf 67' lang='lat' dir='ltr'><strong>vix</strong></span> <span class='ocrx_word' id='word_1_267' title='bbox 911 4067 1090 4108; x_wconf 82' lang='lat' dir='ltr'><strong>evecta</strong></span> <span class='ocrx_word' id='word_1_268' title='bbox 1111 4051 1251 4120; x_wconf 79' lang='lat' dir='ltr'><strong>dies,</strong></span> <span class='ocrx_word' id='word_1_269' title='bbox 1275 4063 1376 4106; x_wconf 85' lang='lat' dir='ltr'><strong>etc.</strong></span> <span class='ocrx_word' id='word_1_270' title='bbox 1395 4075 1418 4098; x_wconf 74' lang='grc' dir='ltr'>ι</span> 
     </span>
     <span class='ocr_line' id='line_1_45' title="bbox 400 4132 1424 4206; baseline -0.002 -20"><span class='ocrx_word' id='word_1_271' title='bbox 400 4133 484 4188; x_wconf 80' lang='lat' dir='ltr'><strong>sic</strong></span> <span class='ocrx_word' id='word_1_272' title='bbox 519 4136 655 4204; x_wconf 77' lang='lat' dir='ltr'><strong>quod</strong></span> <span class='ocrx_word' id='word_1_273' title='bbox 685 4151 808 4188; x_wconf 86' lang='lat' dir='ltr'><strong>cum</strong></span> <span class='ocrx_word' id='word_1_274' title='bbox 844 4132 1180 4206; x_wconf 77' lang='lat' dir='ltr'><strong>subjunctivo</strong></span> <span class='ocrx_word' id='word_1_275' title='bbox 1207 4132 1424 4205; x_wconf 83' lang='lat' dir='ltr'><strong>ponitur</strong></span> 
     </span>
    </p>
   </div>
   <div class='ocr_carea' id='block_1_8' title="bbox 1510 1264 2527 1407">
    <p class='ocr_par' dir='ltr' id='par_1_13' title="bbox 1510 1264 2527 1407">
     <span class='ocr_line' id='line_1_46' title="bbox 1510 1264 2524 1341; baseline 0.006 -22"><span class='ocrx_word' id='word_1_276' title='bbox 1510 1264 1768 1337; x_wconf 83' lang='lat' dir='ltr'><strong>Descript.</strong></span> <span class='ocrx_word' id='word_1_277' title='bbox 1782 1267 1959 1331; x_wconf 78' lang='lat' dir='ltr'><strong>Orbis,</strong></span> <span class='ocrx_word' id='word_1_278' title='bbox 1980 1286 2056 1321; x_wconf 79' lang='lat' dir='ltr'><strong>vs.</strong></span> <span class='ocrx_word' id='word_1_279' title='bbox 2078 1286 2139 1323; x_wconf 78' lang='lat' dir='ltr'><strong>ar</strong></span> <span class='ocrx_word' id='word_1_280' title='bbox 2152 1288 2199 1337; x_wconf 82' lang='lat'><strong>1,</strong></span> <span class='ocrx_word' id='word_1_281' title='bbox 2219 1287 2345 1341; x_wconf 80' lang='lat'>770,</span> <span class='ocrx_word' id='word_1_282' title='bbox 2369 1273 2524 1337; x_wconf 74' lang='lat'>12:313</span> 
     </span>
     <span class='ocr_line' id='line_1_47' title="bbox 1512 1345 2527 1407; baseline 0.009 -9"><span class='ocrx_word' id='word_1_283' title='bbox 1512 1346 1610 1399; x_wconf 87' lang='lat' dir='ltr'><strong>Or.</strong></span> <span class='ocrx_word' id='word_1_284' title='bbox 1641 1345 1818 1400; x_wconf 74' lang='lat' dir='ltr'><strong>mar-it.</strong></span> <span class='ocrx_word' id='word_1_285' title='bbox 1848 1347 1967 1401; x_wconf 79' lang='lat'><strong>383.</strong></span> <span class='ocrx_word' id='word_1_286' title='bbox 2000 1346 2197 1403; x_wconf 83' lang='lat' dir='ltr'><strong>Caussa</strong></span> <span class='ocrx_word' id='word_1_287' title='bbox 2226 1351 2419 1405; x_wconf 81' lang='lat' dir='ltr'><strong>erroris</strong></span> <span class='ocrx_word' id='word_1_288' title='bbox 2448 1364 2527 1407; x_wconf 84' lang='lat' dir='ltr'><strong>est</strong></span> 
     </span>
    </p>
   </div>
   <div class='ocr_carea' id='block_1_9' title="bbox 1491 1424 2525 1505">
    <p class='ocr_par' dir='ltr' id='par_1_14' title="bbox 1491 1424 2525 1505">
     <span class='ocr_line' id='line_1_48' title="bbox 1491 1424 2525 1505; baseline 0.008 -27"><span class='ocrx_word' id='word_1_289' title='bbox 1491 1424 1883 1498; x_wconf 58' lang='lat' dir='ltr'><strong>⁴compendium</strong></span> <span class='ocrx_word' id='word_1_290' title='bbox 1911 1430 2113 1483; x_wconf 63' lang='lat' dir='ltr'><strong>vocula</strong></span> <span class='ocrx_word' id='word_1_291' title='bbox 2138 1452 2198 1498; x_wconf 85' lang='lat' dir='ltr'><strong>q,</strong></span> <span class='ocrx_word' id='word_1_292' title='bbox 2232 1430 2380 1503; x_wconf 88' lang='lat' dir='ltr'><strong>quod</strong></span> <span class='ocrx_word' id='word_1_293' title='bbox 2404 1450 2525 1505; x_wconf 76' lang='lat' dir='ltr'><strong>per-</strong></span> 
     </span>
    </p>
   </div>
   <div class='ocr_carea' id='block_1_10' title="bbox 1506 1504 2529 4202">
    <p class='ocr_par' dir='ltr' id='par_1_15' title="bbox 1506 1504 2529 4202">
     <span class='ocr_line' id='line_1_49' title="bbox 1510 1504 2529 1581; baseline 0.006 -25"><span class='ocrx_word' id='word_1_294' title='bbox 1510 1522 1701 1577; x_wconf 67' lang='lat' dir='ltr'><strong>poeam</strong></span> <span class='ocrx_word' id='word_1_295' title='bbox 1749 1504 1977 1559; x_wconf 75' lang='lat' dir='ltr'><strong>Pitho-,us</strong></span> <span class='ocrx_word' id='word_1_296' title='bbox 2030 1507 2403 1581; x_wconf 80' lang='lat' dir='ltr'><strong>interpretatus</strong></span> <span class='ocrx_word' id='word_1_297' title='bbox 2449 1522 2529 1565; x_wconf 82' lang='lat' dir='ltr'><strong>est</strong></span> 
     </span>
     <span class='ocr_line' id='line_1_50' title="bbox 1512 1585 2525 1657; baseline 0.008 -21"><span class='ocrx_word' id='word_1_298' title='bbox 1512 1604 1663 1653; x_wconf 75' lang='lat' dir='ltr'><strong>quam</strong></span> <span class='ocrx_word' id='word_1_299' title='bbox 1676 1624 1694 1648; x_wconf 80' lang='lat'><em>,</em></span> <span class='ocrx_word' id='word_1_300' title='bbox 1730 1602 1895 1657; x_wconf 82' lang='lat' dir='ltr'><strong>quum</strong></span> <span class='ocrx_word' id='word_1_301' title='bbox 1926 1585 2191 1641; x_wconf 73' lang='lat' dir='ltr'><strong>debuisset</strong></span> <span class='ocrx_word' id='word_1_302' title='bbox 2224 1593 2376 1655; x_wconf 79' lang='lat' dir='ltr'><strong>quod.</strong></span> <span class='ocrx_word' id='word_1_303' title='bbox 2416 1590 2525 1644; x_wconf 81' lang='lat' dir='ltr'><strong>Has</strong></span> 
     </span>
     <span class='ocr_line' id='line_1_51' title="bbox 1510 1662 2525 1737; baseline 0.006 -21"><span class='ocrx_word' id='word_1_304' title='bbox 1510 1676 1690 1717; x_wconf 83' lang='lat' dir='ltr'><strong>autem</strong></span> <span class='ocrx_word' id='word_1_305' title='bbox 1736 1662 1941 1719; x_wconf 81' lang='lat' dir='ltr'><strong>voculas</strong></span> <span class='ocrx_word' id='word_1_306' title='bbox 1988 1666 2183 1737; x_wconf 82' lang='lat' dir='ltr'><strong>passim</strong></span> <span class='ocrx_word' id='word_1_307' title='bbox 2234 1668 2491 1722; x_wconf 77' lang='lat' dir='ltr'><strong>confundi</strong></span> <span class='ocrx_word' id='word_1_308' title='bbox 2508 1707 2525 1733; x_wconf 88' lang='lat'>‚</span> 
     </span>
     <span class='ocr_line' id='line_1_52' title="bbox 1512 1742 2525 1813; baseline 0.006 -18"><span class='ocrx_word' id='word_1_309' title='bbox 1512 1756 1637 1813; x_wconf 80' lang='lat' dir='ltr'><strong>post</strong></span> <span class='ocrx_word' id='word_1_310' title='bbox 1670 1743 1799 1797; x_wconf 81' lang='lat' dir='ltr'><strong>alios</strong></span> <span class='ocrx_word' id='word_1_311' title='bbox 1828 1742 2007 1798; x_wconf 84' lang='lat' dir='ltr'><strong>docuit</strong></span> <span class='ocrx_word' id='word_1_312' title='bbox 2030 1746 2290 1800; x_wconf 79' lang='lat' dir='ltr'><strong>Drakenb.</strong></span> <span class='ocrx_word' id='word_1_313' title='bbox 2319 1746 2389 1801; x_wconf 89' lang='lat' dir='ltr'><strong>ad</strong></span> <span class='ocrx_word' id='word_1_314' title='bbox 2408 1748 2525 1801; x_wconf 83' lang='lat' dir='ltr'><strong>Liv.</strong></span> 
     </span>
     <span class='ocr_line' id='line_1_53' title="bbox 1516 1822 2527 1894; baseline 0.008 -22"><span class='ocrx_word' id='word_1_315' title='bbox 1516 1833 1643 1873; x_wconf 87' lang='lat' dir='ltr'><strong>tom.</strong></span> <span class='ocrx_word' id='word_1_316' title='bbox 1659 1822 1731 1887; x_wconf 82' lang='lat' dir='ltr'><strong>V,</strong></span> <span class='ocrx_word' id='word_1_317' title='bbox 1754 1842 1807 1894; x_wconf 89' lang='lat' dir='ltr'><strong>p.</strong></span> <span class='ocrx_word' id='word_1_318' title='bbox 1826 1840 1938 1893; x_wconf 77' lang='lat'><strong>²²7·</strong></span> <span class='ocrx_word' id='word_1_319' title='bbox 1972 1824 2067 1877; x_wconf 84' lang='lat' dir='ltr'><strong>ubi</strong></span> <span class='ocrx_word' id='word_1_320' title='bbox 2092 1836 2145 1878; x_wconf 88' lang='lat' dir='ltr'><strong>et</strong></span> <span class='ocrx_word' id='word_1_321' title='bbox 2168 1842 2407 1879; x_wconf 81' lang='lat' dir='ltr'><strong>caussam</strong></span> <span class='ocrx_word' id='word_1_322' title='bbox 2440 1845 2527 1879; x_wconf 84' lang='lat' dir='ltr'><strong>ex-</strong></span> 
     </span>
     <span class='ocr_line' id='line_1_54' title="bbox 1514 1898 2526 1977; baseline 0.008 -28"><span class='ocrx_word' id='word_1_323' title='bbox 1514 1898 1692 1971; x_wconf 82' lang='lat' dir='ltr'><strong>plicat.</strong></span> <span class='ocrx_word' id='word_1_324' title='bbox 1710 1902 1813 1955; x_wconf 83' lang='lat' dir='ltr'><strong>Res</strong></span> <span class='ocrx_word' id='word_1_325' title='bbox 1826 1901 2023 1954; x_wconf 70' lang='lat' dir='ltr'><strong>flrnuari</strong></span> <span class='ocrx_word' id='word_1_326' title='bbox 2052 1915 2225 1974; x_wconf 85' lang='lat' dir='ltr'><strong>potest</strong></span> <span class='ocrx_word' id='word_1_327' title='bbox 2250 1905 2526 1977; x_wconf 64' lang='lat' dir='ltr'><strong>exemplis,</strong></span> 
     </span>
     <span class='ocr_line' id='line_1_55' title="bbox 1515 1978 2527 2049; baseline 0.007 -19"><span class='ocrx_word' id='word_1_328' title='bbox 1515 1996 1635 2049; x_wconf 64' lang='grc' dir='ltr'><strong>φη</strong></span> <span class='ocrx_word' id='word_1_329' title='bbox 1660 1978 1966 2034; x_wconf 67' lang='lat' dir='ltr'><strong>waltherus</strong></span> <span class='ocrx_word' id='word_1_330' title='bbox 1998 1980 2147 2034; x_wconf 83' lang='lat' dir='ltr'><strong>dedit</strong></span> <span class='ocrx_word' id='word_1_331' title='bbox 2189 1982 2247 2033; x_wconf 87' lang='lat' dir='ltr'><strong>in</strong></span> <span class='ocrx_word' id='word_1_332' title='bbox 2284 1984 2410 2035; x_wconf 86' lang='lat' dir='ltr'><strong>Lex.</strong></span> <span class='ocrx_word' id='word_1_333' title='bbox 2446 1984 2527 2037; x_wconf 84' lang='lat' dir='ltr'><strong>di·</strong></span> 
     </span>
     <span class='ocr_line' id='line_1_56' title="bbox 1514 2057 2527 2130; baseline 0.008 -21"><span class='ocrx_word' id='word_1_334' title='bbox 1514 2057 1675 2127; x_wconf 85' lang='lat' dir='ltr'><strong>plom.</strong></span> <span class='ocrx_word' id='word_1_335' title='bbox 1702 2057 1861 2113; x_wconf 73' lang='lat' dir='ltr'><strong>Sem.</strong></span> <span class='ocrx_word' id='word_1_336' title='bbox 1894 2088 1968 2099; x_wconf 89' lang='lat'><strong>—-</strong></span> <span class='ocrx_word' id='word_1_337' title='bbox 2008 2063 2235 2128; x_wconf 70' lang='lat' dir='ltr'><strong>Denique</strong></span> <span class='ocrx_word' id='word_1_338' title='bbox 2264 2082 2413 2130; x_wconf 76' lang='lat' dir='ltr'><strong>quam</strong></span> <span class='ocrx_word' id='word_1_339' title='bbox 2429 2101 2445 2123; x_wconf 88' lang='lat'><em>,</em></span> <span class='ocrx_word' id='word_1_340' title='bbox 2474 2076 2527 2117; x_wconf 91' lang='lat' dir='ltr'><strong>et</strong></span> 
     </span>
     <span class='ocr_line' id='line_1_57' title="bbox 1514 2136 2527 2204; baseline 0.006 -15"><span class='ocrx_word' id='word_1_341' title='bbox 1514 2155 1567 2190; x_wconf 77' lang='lat' dir='ltr'><strong>v.</strong></span> <span class='ocrx_word' id='word_1_342' title='bbox 1600 2140 1669 2191; x_wconf 86' lang='lat'><strong>60</strong></span> <span class='ocrx_word' id='word_1_343' title='bbox 1706 2141 1802 2189; x_wconf 78' lang='lat' dir='ltr'><strong>Vel</strong></span> <span class='ocrx_word' id='word_1_344' title='bbox 1826 2157 1976 2204; x_wconf 74' lang='lat' dir='ltr'><strong>quam</strong></span> <span class='ocrx_word' id='word_1_345' title='bbox 2010 2136 2275 2193; x_wconf 86' lang='lat' dir='ltr'><strong>dederunt</strong></span> <span class='ocrx_word' id='word_1_346' title='bbox 2300 2141 2438 2195; x_wconf 74' lang='lat' dir='ltr'><strong>vad.</strong></span> <span class='ocrx_word' id='word_1_347' title='bbox 2474 2154 2527 2195; x_wconf 88' lang='lat' dir='ltr'><strong>et</strong></span> 
     </span>
     <span class='ocr_line' id='line_1_58' title="bbox 1512 2215 2527 2289; baseline 0.006 -21"><span class='ocrx_word' id='word_1_348' title='bbox 1512 2215 1649 2271; x_wconf 86' lang='lat' dir='ltr'><strong>Pith.</strong></span> <span class='ocrx_word' id='word_1_349' title='bbox 1676 2234 1826 2289; x_wconf 79' lang='lat' dir='ltr'><strong>quen</strong></span> <span class='ocrx_word' id='word_1_350' title='bbox 1850 2217 2093 2289; x_wconf 78' lang='lat' dir='ltr'><strong>sequitur</strong></span> <span class='ocrx_word' id='word_1_351' title='bbox 2114 2218 2289 2273; x_wconf 83' lang='lat' dir='ltr'><strong>Huds.</strong></span> <span class='ocrx_word' id='word_1_352' title='bbox 2318 2218 2412 2273; x_wconf 88' lang='lat' dir='ltr'><strong>sed</strong></span> <span class='ocrx_word' id='word_1_353' title='bbox 2438 2239 2527 2273; x_wconf 83' lang='lat' dir='ltr'><strong>ve-</strong></span> 
     </span>
     <span class='ocr_line' id='line_1_59' title="bbox 1514 2295 2525 2372; baseline 0.005 -22"><span class='ocrx_word' id='word_1_354' title='bbox 1514 2295 1801 2350; x_wconf 76' lang='lat' dir='ltr'><strong>tustissime</strong></span> <span class='ocrx_word' id='word_1_355' title='bbox 1820 2296 1959 2350; x_wconf 88' lang='lat' dir='ltr'><strong>Ven.</strong></span> <span class='ocrx_word' id='word_1_356' title='bbox 1993 2306 2047 2350; x_wconf 90' lang='lat' dir='ltr'><strong>et</strong></span> <span class='ocrx_word' id='word_1_357' title='bbox 2078 2296 2245 2372; x_wconf 83' lang='lat' dir='ltr'><strong>Cusp.</strong></span> <span class='ocrx_word' id='word_1_358' title='bbox 2276 2298 2525 2355; x_wconf 76' lang='lat' dir='ltr'><strong>voculam</strong></span> 
     </span>
     <span class='ocr_line' id='line_1_60' title="bbox 1512 2378 2523 2452; baseline 0.004 -20"><span class='ocrx_word' id='word_1_359' title='bbox 1512 2395 1630 2432; x_wconf 84' lang='lat' dir='ltr'><strong>eam</strong></span> <span class='ocrx_word' id='word_1_360' title='bbox 1664 2397 1761 2450; x_wconf 87' lang='lat' dir='ltr'><strong>per</strong></span> <span class='ocrx_word' id='word_1_361' title='bbox 1787 2378 2165 2448; x_wconf 82' lang='lat' dir='ltr'><strong>compendium</strong></span> <span class='ocrx_word' id='word_1_362' title='bbox 2208 2381 2523 2452; x_wconf 79' lang='lat' dir='ltr'><strong>exprimunt.</strong></span> 
     </span>
     <span class='ocr_line' id='line_1_61' title="bbox 1510 2456 2525 2536; baseline 0.006 -26"><span class='ocrx_word' id='word_1_363' title='bbox 1510 2457 1763 2512; x_wconf 72' lang='lat' dir='ltr'><strong>Bai-thius</strong></span> <span class='ocrx_word' id='word_1_364' title='bbox 1788 2456 1989 2512; x_wconf 83' lang='lat' dir='ltr'><strong>mederi</strong></span> <span class='ocrx_word' id='word_1_365' title='bbox 2022 2459 2351 2514; x_wconf 58' lang='lat' dir='ltr'><strong>obscuritati*</strong></span> <span class='ocrx_word' id='word_1_366' title='bbox 2364 2463 2525 2536; x_wconf 82' lang='lat' dir='ltr'><strong>hujus</strong></span> 
     </span>
     <span class='ocr_line' id='line_1_62' title="bbox 1512 2535 2521 2611; baseline 0.007 -23"><span class='ocrx_word' id='word_1_367' title='bbox 1512 2535 1615 2590; x_wconf 87' lang='lat' dir='ltr'><strong>loci</strong></span> <span class='ocrx_word' id='word_1_368' title='bbox 1646 2547 1860 2591; x_wconf 68' lang='lat' dir='ltr'><strong>conatur</strong></span> <span class='ocrx_word' id='word_1_369' title='bbox 1892 2537 2117 2610; x_wconf 81' lang='lat' dir='ltr'><strong>legendo</strong></span> <span class='ocrx_word' id='word_1_370' title='bbox 2150 2544 2376 2610; x_wconf 74' lang='lat' dir='ltr'><strong>Denique</strong></span> <span class='ocrx_word' id='word_1_371' title='bbox 2402 2545 2521 2611; x_wconf 79' lang='lat' dir='ltr'><strong>quia</strong></span> 
     </span>
     <span class='ocr_line' id='line_1_63' title="bbox 1512 2619 2523 2688; baseline 0.009 -20"><span class='ocrx_word' id='word_1_372' title='bbox 1512 2619 1671 2678; x_wconf 69' lang='lat' dir='ltr'><strong>lemo‘⁸</strong></span> <span class='ocrx_word' id='word_1_373' title='bbox 1718 2633 1805 2672; x_wconf 72' lang='lat' dir='ltr'><strong>eze.</strong></span> <span class='ocrx_word' id='word_1_374' title='bbox 1830 2629 1885 2672; x_wconf 81' lang='lat' dir='ltr'><strong>et</strong></span> <span class='ocrx_word' id='word_1_375' title='bbox 1912 2623 2009 2671; x_wconf 70' lang='lat'><strong>701</strong></span> <span class='ocrx_word' id='word_1_376' title='bbox 2030 2624 2151 2688; x_wconf 80' lang='lat' dir='ltr'><strong>quia</strong></span> <span class='ocrx_word' id='word_1_377' title='bbox 2179 2627 2312 2684; x_wconf 80' lang='lat' dir='ltr'><strong>sole,</strong></span> <span class='ocrx_word' id='word_1_378' title='bbox 2350 2623 2423 2676; x_wconf 82' lang='lat' dir='ltr'><strong>ita</strong></span> <span class='ocrx_word' id='word_1_379' title='bbox 2462 2637 2523 2678; x_wconf 83' lang='lat' dir='ltr'><strong>ut</strong></span> 
     </span>
     <span class='ocr_line' id='line_1_64' title="bbox 1514 2698 2521 2770; baseline 0.011 -24"><span class='ocrx_word' id='word_1_380' title='bbox 1514 2698 1633 2763; x_wconf 80' lang='lat' dir='ltr'><strong>quia</strong></span> <span class='ocrx_word' id='word_1_381' title='bbox 1657 2713 1739 2768; x_wconf 64' lang='lat' dir='ltr'><strong>pe?</strong></span> <span class='ocrx_word' id='word_1_382' title='bbox 1758 2714 1921 2750; x_wconf 84' lang='lat' dir='ltr'><strong>unam</strong></span> <span class='ocrx_word' id='word_1_383' title='bbox 1960 2699 2217 2770; x_wconf 80' lang='lat' dir='ltr'><strong>syllabam</strong></span> <span class='ocrx_word' id='word_1_384' title='bbox 2245 2701 2521 2768; x_wconf 78' lang='lat' dir='ltr'><strong>efferatur,</strong></span> 
     </span>
     <span class='ocr_line' id='line_1_65' title="bbox 1512 2774 2522 2851; baseline 0.011 -25"><span class='ocrx_word' id='word_1_385' title='bbox 1512 2787 1573 2826; x_wconf 87' lang='lat' dir='ltr'><strong>ut</strong></span> <span class='ocrx_word' id='word_1_386' title='bbox 1598 2774 1966 2830; x_wconf 81' lang='lat' dir='ltr'><strong>Termtiannm</strong></span> <span class='ocrx_word' id='word_1_387' title='bbox 1996 2777 2243 2832; x_wconf 85' lang='lat' dir='ltr'><strong>Maurum</strong></span> <span class='ocrx_word' id='word_1_388' title='bbox 2276 2781 2522 2851; x_wconf 82' lang='lat' dir='ltr'><strong>pluribus</strong></span> 
     </span>
     <span class='ocr_line' id='line_1_66' title="bbox 1506 2853 2515 2934; baseline 0.011 -29"><span class='ocrx_word' id='word_1_389' title='bbox 1506 2853 1641 2907; x_wconf 84' lang='lat' dir='ltr'><strong>locis</strong></span> <span class='ocrx_word' id='word_1_390' title='bbox 1668 2854 1837 2908; x_wconf 74' lang='lat' dir='ltr'><strong>fecisse</strong></span> <span class='ocrx_word' id='word_1_391' title='bbox 1862 2853 2127 2926; x_wconf 83' lang='lat' dir='ltr'><strong>opinatur.</strong></span> <span class='ocrx_word' id='word_1_392' title='bbox 2146 2857 2355 2913; x_wconf 84' lang='lat' dir='ltr'><strong>Oddius</strong></span> <span class='ocrx_word' id='word_1_393' title='bbox 2370 2863 2515 2934; x_wconf 83' lang='lat' dir='ltr'><strong>apud</strong></span> 
     </span>
     <span class='ocr_line' id='line_1_67' title="bbox 1512 2932 2521 3007; baseline 0.01 -22"><span class='ocrx_word' id='word_1_394' title='bbox 1512 2933 1683 2986; x_wconf 70' lang='lat' dir='ltr'><strong>Buda-</strong></span> <span class='ocrx_word' id='word_1_395' title='bbox 1706 2953 1741 2985; x_wconf 92' lang='lat' dir='ltr'><strong>n</strong></span> <span class='ocrx_word' id='word_1_396' title='bbox 1762 2932 1902 2989; x_wconf 77' lang='lat' dir='ltr'><strong>Add.</strong></span> <span class='ocrx_word' id='word_1_397' title='bbox 1922 2935 2039 2988; x_wconf 81' lang='lat' dir='ltr'><strong>vult</strong></span> <span class='ocrx_word' id='word_1_398' title='bbox 2054 2939 2279 3005; x_wconf 75' lang='lat' dir='ltr'><strong>Denique</strong></span> <span class='ocrx_word' id='word_1_399' title='bbox 2294 2959 2397 3007; x_wconf 81' lang='lat' dir='ltr'><strong>qua</strong></span> <span class='ocrx_word' id='word_1_400' title='bbox 2414 2945 2521 2996; x_wconf 78' lang='lat' dir='ltr'><strong>len·-</strong></span> 
     </span>
     <span class='ocr_line' id='line_1_68' title="bbox 1512 3019 2519 3090; baseline 0.01 -26"><span class='ocrx_word' id='word_1_401' title='bbox 1512 3028 1579 3075; x_wconf 81' lang='grc' dir='ltr'><strong>ω,</strong></span> <span class='ocrx_word' id='word_1_402' title='bbox 1600 3027 1653 3068; x_wconf 86' lang='lat' dir='ltr'><strong>et</strong></span> <span class='ocrx_word' id='word_1_403' title='bbox 1674 3019 1751 3077; x_wconf 74' lang='grc' dir='ltr'><strong>(ι,</strong></span> <span class='ocrx_word' id='word_1_404' title='bbox 1776 3019 1871 3068; x_wconf 78' lang='lat' dir='ltr'><strong>Vel</strong></span> <span class='ocrx_word' id='word_1_405' title='bbox 1888 3036 1995 3083; x_wconf 75' lang='lat' dir='ltr'><strong>qua</strong></span> <span class='ocrx_word' id='word_1_406' title='bbox 2008 3022 2130 3077; x_wconf 79' lang='lat' dir='ltr'><strong>sole,</strong></span> <span class='ocrx_word' id='word_1_407' title='bbox 2148 3035 2319 3090; x_wconf 81' lang='lat' dir='ltr'><strong>eoque</strong></span> <span class='ocrx_word' id='word_1_408' title='bbox 2332 3039 2519 3076; x_wconf 73' lang='lat' dir='ltr'><strong>versus</strong></span> 
     </span>
     <span class='ocr_line' id='line_1_69' title="bbox 1510 3093 2516 3171; baseline 0.009 -25"><span class='ocrx_word' id='word_1_409' title='bbox 1510 3093 1613 3148; x_wconf 84' lang='lat' dir='ltr'><strong>hos</strong></span> <span class='ocrx_word' id='word_1_410' title='bbox 1630 3093 1693 3148; x_wconf 80' lang='lat' dir='ltr'><strong>ad</strong></span> <span class='ocrx_word' id='word_1_411' title='bbox 1704 3105 1984 3167; x_wconf 77' lang='lat' dir='ltr'><strong>sequentes</strong></span> <span class='ocrx_word' id='word_1_412' title='bbox 2010 3099 2077 3150; x_wconf 76' lang='lat'><strong>62</strong></span> <span class='ocrx_word' id='word_1_413' title='bbox 2106 3108 2161 3150; x_wconf 88' lang='lat' dir='ltr'><strong>et</strong></span> <span class='ocrx_word' id='word_1_414' title='bbox 2184 3100 2253 3151; x_wconf 84' lang='lat'><strong>63</strong></span> <span class='ocrx_word' id='word_1_415' title='bbox 2274 3099 2516 3171; x_wconf 77' lang='lat' dir='ltr'><strong>adplicat.</strong></span> 
     </span>
     <span class='ocr_line' id='line_1_70' title="bbox 1510 3173 2519 3243; baseline 0.007 -17"><span class='ocrx_word' id='word_1_416' title='bbox 1510 3173 1825 3228; x_wconf 70' lang='lat' dir='ltr'><strong>Schrader-us</strong></span> <span class='ocrx_word' id='word_1_417' title='bbox 1838 3174 2041 3228; x_wconf 79' lang='lat' dir='ltr'><strong>Barthii</strong></span> <span class='ocrx_word' id='word_1_418' title='bbox 2060 3179 2180 3243; x_wconf 77' lang='lat' dir='ltr'><strong>quia</strong></span> <span class='ocrx_word' id='word_1_419' title='bbox 2194 3178 2389 3231; x_wconf 80' lang='lat' dir='ltr'><strong>rectius</strong></span> <span class='ocrx_word' id='word_1_420' title='bbox 2404 3197 2519 3232; x_wconf 87' lang='lat' dir='ltr'><strong>mu-</strong></span> 
     </span>
     <span class='ocr_line' id='line_1_71' title="bbox 1510 3251 2519 3326; baseline 0.006 -20"><span class='ocrx_word' id='word_1_421' title='bbox 1510 3263 1587 3306; x_wconf 85' lang='lat' dir='ltr'><strong>tat</strong></span> <span class='ocrx_word' id='word_1_422' title='bbox 1614 3251 1671 3306; x_wconf 84' lang='lat' dir='ltr'><strong>iu</strong></span> <span class='ocrx_word' id='word_1_423' title='bbox 1696 3257 1853 3321; x_wconf 79' lang='lat' dir='ltr'><strong>quod,</strong></span> <span class='ocrx_word' id='word_1_424' title='bbox 1896 3265 2127 3326; x_wconf 84' lang='lat' dir='ltr'><strong>utroque</strong></span> <span class='ocrx_word' id='word_1_425' title='bbox 2158 3273 2331 3309; x_wconf 73' lang='lat' dir='ltr'><strong>versu.</strong></span> <span class='ocrx_word' id='word_1_426' title='bbox 2366 3258 2519 3312; x_wconf 87' lang='lat' dir='ltr'><strong>Idem</strong></span> 
     </span>
     <span class='ocr_line' id='line_1_72' title="bbox 1510 3333 2511 3403; baseline 0.007 -16"><span class='ocrx_word' id='word_1_427' title='bbox 1510 3333 1681 3403; x_wconf 83' lang='lat' dir='ltr'><strong>reepit</strong></span> <span class='ocrx_word' id='word_1_428' title='bbox 1700 3333 1939 3386; x_wconf 85' lang='lat' dir='ltr'><strong>Fontein.</strong></span> <span class='ocrx_word' id='word_1_429' title='bbox 1964 3333 2019 3384; x_wconf 87' lang='lat' dir='ltr'><strong>in</strong></span> <span class='ocrx_word' id='word_1_430' title='bbox 2044 3335 2244 3402; x_wconf 66' lang='lat' dir='ltr'><strong>prefat.</strong></span> <span class='ocrx_word' id='word_1_431' title='bbox 2263 3336 2511 3393; x_wconf 75' lang='lat' dir='ltr'><strong>Friesem-</strong></span> 
     </span>
     <span class='ocr_line' id='line_1_73' title="bbox 1514 3416 2518 3492; baseline 0.008 -26"><span class='ocrx_word' id='word_1_432' title='bbox 1514 3431 1591 3466; x_wconf 75' lang='lat' dir='ltr'><strong>se(</strong></span> <span class='ocrx_word' id='word_1_433' title='bbox 1614 3431 1795 3466; x_wconf 74' lang='lat' dir='ltr'><strong>versus</strong></span> <span class='ocrx_word' id='word_1_434' title='bbox 1812 3424 1953 3466; x_wconf 88' lang='lat' dir='ltr'><strong>totos</strong></span> <span class='ocrx_word' id='word_1_435' title='bbox 1970 3423 2139 3465; x_wconf 86' lang='lat' dir='ltr'><strong>mutat</strong></span> <span class='ocrx_word' id='word_1_436' title='bbox 2157 3431 2173 3466; x_wconf 71' lang='grc' dir='ltr'><em>τ</em></span> <span class='ocrx_word' id='word_1_437' title='bbox 2198 3440 2222 3460; x_wconf 74' lang='grc' dir='ltr'><strong>α</strong></span> <span class='ocrx_word' id='word_1_438' title='bbox 2236 3416 2356 3470; x_wconf 80' lang='lat' dir='ltr'><strong>Sive</strong></span> <span class='ocrx_word' id='word_1_439' title='bbox 2369 3422 2518 3492; x_wconf 82' lang='lat' dir='ltr'><strong>qnod</strong></span> 
     </span>
     <span class='ocr_line' id='line_1_74' title="bbox 1515 3492 2516 3570; baseline 0 -24"><span class='ocrx_word' id='word_1_440' title='bbox 1515 3492 1717 3546; x_wconf 84' lang='lat' dir='ltr'><strong>inlimo</strong></span> <span class='ocrx_word' id='word_1_441' title='bbox 1742 3502 1949 3564; x_wconf 80' lang='lat' dir='ltr'><strong>stupeat</strong></span> <span class='ocrx_word' id='word_1_442' title='bbox 1980 3509 2105 3564; x_wconf 88' lang='lat' dir='ltr'><strong>pars</strong></span> <span class='ocrx_word' id='word_1_443' title='bbox 2132 3493 2268 3548; x_wconf 78' lang='lat' dir='ltr'><strong>salsa</strong></span> <span class='ocrx_word' id='word_1_444' title='bbox 2294 3501 2516 3570; x_wconf 63' lang='lat' dir='ltr'><strong>profan.</strong></span> 
     </span>
     <span class='ocr_line' id='line_1_75' title="bbox 1514 3569 2516 3642; baseline 0.012 -18"><span class='ocrx_word' id='word_1_445' title='bbox 1514 3569 1593 3634; x_wconf 54' lang='lat' dir='ltr'><strong>do,</strong></span> <span class='ocrx_word' id='word_1_446' title='bbox 1613 3571 1720 3625; x_wconf 87' lang='lat' dir='ltr'><strong>Seu</strong></span> <span class='ocrx_word' id='word_1_447' title='bbox 1741 3570 1885 3642; x_wconf 89' lang='lat' dir='ltr'><strong>quod</strong></span> <span class='ocrx_word' id='word_1_448' title='bbox 1901 3607 1917 3633; x_wconf 85' lang='lat'>‚</span> <span class='ocrx_word' id='word_1_449' title='bbox 1944 3570 2057 3624; x_wconf 87' lang='lat' dir='ltr'><strong>sole</strong></span> <span class='ocrx_word' id='word_1_450' title='bbox 2080 3591 2264 3630; x_wconf 82' lang='lat' dir='ltr'><strong>carens</strong></span> <span class='ocrx_word' id='word_1_451' title='bbox 2278 3617 2293 3642; x_wconf 90' lang='lat'>,</span> <span class='ocrx_word' id='word_1_452' title='bbox 2314 3583 2516 3636; x_wconf 78' lang='lat' dir='ltr'><strong>umbris</strong></span> 
     </span>
     <span class='ocr_line' id='line_1_76' title="bbox 1513 3651 2511 3731; baseline 0.012 -27"><span class='ocrx_word' id='word_1_453' title='bbox 1513 3653 1645 3724; x_wconf 64' lang='lat' dir='ltr'><strong>plga</strong></span> <span class='ocrx_word' id='word_1_454' title='bbox 1664 3661 1801 3705; x_wconf 79' lang='lat' dir='ltr'><strong>tecta</strong></span> <span class='ocrx_word' id='word_1_455' title='bbox 1822 3651 2105 3722; x_wconf 73' lang='lat' dir='ltr'><strong>rigescat».</strong></span> <span class='ocrx_word' id='word_1_456' title='bbox 2120 3653 2329 3712; x_wconf 82' lang='lat' dir='ltr'><strong>Scilicet</strong></span> <span class='ocrx_word' id='word_1_457' title='bbox 2344 3671 2511 3731; x_wconf 82' lang='lat' dir='ltr'><strong>putat,</strong></span> 
     </span>
     <span class='ocr_line' id='line_1_77' title="bbox 1514 3729 2511 3809; baseline 0.01 -24"><span class='ocrx_word' id='word_1_458' title='bbox 1514 3731 1809 3804; x_wconf 60' lang='lat' dir='ltr'><strong>Dionysium</strong></span> <span class='ocrx_word' id='word_1_459' title='bbox 1825 3729 1913 3784; x_wconf 84' lang='lat' dir='ltr'><strong>hic</strong></span> <span class='ocrx_word' id='word_1_460' title='bbox 1938 3732 2165 3804; x_wconf 78' lang='lat' dir='ltr'><strong>relinqui</strong></span> <span class='ocrx_word' id='word_1_461' title='bbox 2190 3737 2264 3790; x_wconf 79' lang='lat' dir='ltr'><strong>ab</strong></span> <span class='ocrx_word' id='word_1_462' title='bbox 2281 3738 2483 3796; x_wconf 75' lang='lat' dir='ltr'><strong>Avieno</strong></span> <span class='ocrx_word' id='word_1_463' title='bbox 2495 3785 2511 3809; x_wconf 91' lang='lat'>‚</span> 
     </span>
     <span class='ocr_line' id='line_1_78' title="bbox 1511 3811 2513 3884; baseline 0.008 -17"><span class='ocrx_word' id='word_1_464' title='bbox 1511 3823 1565 3867; x_wconf 88' lang='lat' dir='ltr'><strong>et</strong></span> <span class='ocrx_word' id='word_1_465' title='bbox 1577 3811 1813 3864; x_wconf 69' lang='lat' dir='ltr'><strong>‹iver-sam</strong></span> <span class='ocrx_word' id='word_1_466' title='bbox 1824 3811 2127 3884; x_wconf 85' lang='lat' dir='ltr'><strong>opinionem</strong></span> <span class='ocrx_word' id='word_1_467' title='bbox 2140 3811 2211 3868; x_wconf 86' lang='lat' dir='ltr'><strong>de</strong></span> <span class='ocrx_word' id='word_1_468' title='bbox 2228 3819 2359 3870; x_wconf 78' lang='lat' dir='ltr'><strong>mari</strong></span> <span class='ocrx_word' id='word_1_469' title='bbox 2372 3819 2513 3874; x_wconf 75' lang='lat' dir='ltr'><strong>Mor-</strong></span> 
     </span>
     <span class='ocr_line' id='line_1_79' title="bbox 1512 3890 2509 3972; baseline 0.011 -28"><span class='ocrx_word' id='word_1_470' title='bbox 1512 3903 1585 3944; x_wconf 73' lang='lat' dir='ltr'><strong>tu·</strong></span> <span class='ocrx_word' id='word_1_471' title='bbox 1604 3890 1937 3963; x_wconf 67' lang='lat' dir='ltr'><strong>Dionysiana</strong></span> <span class='ocrx_word' id='word_1_472' title='bbox 1952 3891 2193 3965; x_wconf 76' lang='lat' dir='ltr'><strong>adjungi,</strong></span> <span class='ocrx_word' id='word_1_473' title='bbox 2208 3897 2353 3967; x_wconf 86' lang='lat' dir='ltr'><strong>quod</strong></span> <span class='ocrx_word' id='word_1_474' title='bbox 2371 3917 2509 3972; x_wconf 83' lang='lat' dir='ltr'><strong>aqua</strong></span> 
     </span>
     <span class='ocr_line' id='line_1_80' title="bbox 1512 3969 2507 4044; baseline 0.012 -25"><span class='ocrx_word' id='word_1_475' title='bbox 1512 3974 1603 4044; x_wconf 74' lang='lat' dir='ltr'><strong>ejts</strong></span> <span class='ocrx_word' id='word_1_476' title='bbox 1654 3969 1712 4020; x_wconf 85' lang='lat' dir='ltr'><strong>in</strong></span> <span class='ocrx_word' id='word_1_477' title='bbox 1762 3969 1891 4023; x_wconf 83' lang='lat' dir='ltr'><strong>limo</strong></span> <span class='ocrx_word' id='word_1_478' title='bbox 1950 3971 2219 4043; x_wconf 78' lang='lat' dir='ltr'><strong>profundo</strong></span> <span class='ocrx_word' id='word_1_479' title='bbox 2270 3976 2475 4032; x_wconf 73' lang='lat' dir='ltr'><strong>hoerens</strong></span> <span class='ocrx_word' id='word_1_480' title='bbox 2491 4017 2507 4043; x_wconf 91' lang='lat'><strong>,</strong></span> 
     </span>
     <span class='ocr_line' id='line_1_81' title="bbox 1512 4047 2511 4121; baseline 0.004 -17"><span class='ocrx_word' id='word_1_481' title='bbox 1512 4048 1759 4121; x_wconf 70' lang='lat' dir='ltr'><strong>votisque</strong></span> <span class='ocrx_word' id='word_1_482' title='bbox 1783 4047 2055 4104; x_wconf 79' lang='lat' dir='ltr'><strong>difficilius</strong></span> <span class='ocrx_word' id='word_1_483' title='bbox 2080 4063 2219 4106; x_wconf 82' lang='lat' dir='ltr'><strong>mota</strong></span> <span class='ocrx_word' id='word_1_484' title='bbox 2232 4095 2247 4120; x_wconf 87' lang='lat'>,</span> <span class='ocrx_word' id='word_1_485' title='bbox 2282 4073 2349 4109; x_wconf 87' lang='lat' dir='ltr'><strong>eo</strong></span> <span class='ocrx_word' id='word_1_486' title='bbox 2387 4056 2511 4110; x_wconf 74' lang='lat' dir='ltr'><strong>faei-</strong></span> 
     </span>
     <span class='ocr_line' id='line_1_82' title="bbox 1512 4129 1875 4202; baseline -0.008 -18"><span class='ocrx_word' id='word_1_487' title='bbox 1512 4129 1592 4194; x_wconf 71' lang='lat' dir='ltr'><strong>liu</strong></span> <span class='ocrx_word' id='word_1_488' title='bbox 1620 4129 1875 4202; x_wconf 66' lang='lat' dir='ltr'><strong>congelet.</strong></span> 
     </span>
    </p>
   </div>
  </div>
 </body>
</html>
