2996 4685
408 371 537 443 172

1159 344 1242 411 R.
1295 346 1366 411 F.
1423 346 1772 415 AVIENI

498 465 850 549 Tenditur,
887 464 1066 533 unde
1101 454 1196 559 p'ii
1235 464 1600 535 volvuntur
1632 468 1909 538 flumina
1948 467 2110 541 Nili.

497 578 628 645 Hic
665 576 824 644 urbs
865 590 963 644 est
999 575 1282 657 Thebae,
1324 576 1571 647 Thebae
1604 604 1753 672 quae
1790 580 2124 648 moenibus
2158 579 2311 649 altis

497 688 906 757 Praecinxere
942 685 1186 755 larem:
1225 688 1546 758 Memnon
1584 690 1701 759 ubi
1737 690 2120 761 Tithoneus

405 950 456 981 v.
484 931 546 982 23
557 948 576 982 ι
585 930 766 984 .W.——-
778 932 1104 983 Coum-aceior
1117 929 1276 984 habet
1289 930 1426 985 Van.

403 1012 592 1061 Se‘enem
619 1010 784 1080 Cusp-

481 1088 598 1141 366.
627 1089 728 1141 Pro
773 1090 1006 1141 Tendimr
1037 1092 1091 1143 in
1120 1091 1315 1143 'Ambn
1351 1102 1430 1145 est

409 1173 665 1231 Panditur,
717 1188 1012 1241 perperam.
1071 1175 1302 1225 Tenditur
1351 1182 1430 1225 est

411 1247 651 1319 Dionysii
705 1252 974 1320 ἑλκόμενον.
1023 1251 1215 1305 Millies
1256 1264 1428 1304 autem

411 1343 568 1377 voces
613 1340 1002 1399 permutantur.
1049 1360 1118 1371 —
1147 1330 1252 1384 Pro
1299 1336 1433 1383 unde

401 1407 478 1471 pii
501 1406 562 1457 A.
593 1405 718 1478 legit
755 1412 934 1460 undosi
948 1430 968 1461 .·
1001 1409 1095 1463 sed
1130 1411 1246 1463 hec
1275 1412 1432 1464 lectio

405 1504 516 1537 non
523 1485 876 1553 admittenda,
889 1489 1012 1562 quia
1031 1491 1270 1563 sequitur
1281 1491 1435 1544 Avie-

407 1583 510 1617 nus
529 1577 580 1618 et
595 1568 747 1621 vertit
769 1572 1036 1641 (quamvis
1048 1572 1167 1625 loco
1185 1591 1295 1625 non
1315 1574 1432 1639 suo)

409 1645 650 1719 Dionysii
669 1668 882 1703 versum
917 1670 1010 1704 aa:
1039 1668 1054 1704 τ
1081 1644 1222 1708 ἐνθεν
1261 1653 1436 1709 πιστά·

406 1746 508 1779 voto
529 1732 824 1801 κατέρχεται
847 1728 1020 1786 ὕδατα
1043 1734 1246 1788 Νείλου.
1271 1730 1434 1798 Quod

407 1823 536 1858 vero
577 1807 741 1875 dicit,
772 1814 906 1863 unde
926 1815 948 1880 (
963 1810 1017 1863 h.
1050 1832 1097 1865 e.
1129 1831 1198 1865 ex
1223 1812 1434 1885 Syene)

409 1890 895 1959 ‘calonem-flumina
921 1894 1038 1953 Nili,
1065 1890 1122 1945 id
1145 1892 1436 1965 Dionysius

407 1964 510 2019 hoc
537 1964 656 2021 loco
679 1988 788 2021 non
807 1970 964 2025 habet
986 1971 1106 2037 ,sed
1126 1972 1359 2027 Avienus
1378 1974 1434 2027 id

409 2046 546 2099 forte
594 2048 807 2121 collegit
845 2070 876 2103 e
915 2070 1072 2105 versu
1119 2054 1257 2107 2²3:
1293 2058 1335 2107 oi
1373 2052 1434 2108 ὃὸ

408 2128 589 2190 Συήνης
607 2120 849 2185 Ewac'm
875 2137 1154 2204 στρεφθέντι
1173 2143 1286 2205 μετ’
1309 2138 1435 2189 οὕνο-

412 2226 488 2275 μα
529 2211 702 2262 Νεῖλον
753 2212 931 2265 ἔθεντο.
977 2210 1144 2263 Scan.
1187 2212 1269 2265 Ita
1309 2230 1440 2264 vero

413 2295 600 2337 contra
673 2288 946 2341 veritatem
1007 2290 1216 2362 scripsit
1279 2291 1437 2345 Avie-

413 2383 527 2417 nus.
550 2367 648 2420 W.
663 2397 735 2406 ——
749 2371 1042 2439 Pie‘stumae'na
1065 2374 1186 2424 Nili.
1209 2371 1335 2424 Pius
1360 2370 1438 2423 di-

412 2444 552 2497 citur
565 2445 832 2502 beneficus
851 2460 901 2501 et
919 2450 1174 2504 salutaris.
1189 2451 1272 2505 Sic
1292 2451 1438 2522 apud

413 2523 601 2577 Claud.
639 2527 795 2580 Cous.
838 2528 995 2581 Prob.
1029 2548 1119 2600 97,
1135 2533 1248 2598 pius
1275 2535 1437 2584 amnis

412 2603 648 2666 Tiberis,
686 2607 778 2677 qui
805 2609 1086 2661 Romulum
1118 2621 1169 2662 et
1209 2611 1434 2664 Remum

413 2700 605 2754 pueros
627 2687 884 2739 servavit:
905 2693 992 2755 pia
1019 2693 1258 2758 Memphis
1287 2691 1434 2762 apud

413 2761 659 2816 eumdem
683 2764 843 2820 Cous.
876 2767 1025 2820 Mau.
1055 2787 1170 2839 127,
1187 2787 1304 2840 que
1321 2770 1436 2823 coeli

413 2852 466 2892 et
487 2857 748 2896 astrorum
774 2846 1048 2899 scientiam
1079 2847 1312 2900 invenit:
1333 2851 1436 2916 pia·

409 2925 561 2972 nndae
573 2923 628 2974 in
647 2924 795 2976 Lact.
812 2925 996 2978 Pham.
1015 2945 1063 2978 v·
1081 2925 1170 2997 37,
1189 2945 1306 2998 qum
1321 2947 1436 2980 cor·

409 3017 514 3070 pus
537 3001 844 3055 immersum
873 3005 1136 3058 Phoenicis
1163 3018 1431 3059 recreant:

402 3083 517 3147 pius
552 3083 678 3150 ignis
706 3081 761 3134 in
799 3083 992 3136 Lucilii
1028 3091 1205 3150 AEtna,
1231 3105 1274 3137 v.
1307 3088 1432 3155 599,

411 3159 504 3230 qui
535 3178 644 3212 non
673 3161 897 3234 adtingit
924 3174 976 3215 et
1004 3165 1291 3217 nocet.W.

487 3241 606 3311 367.
629 3244 721 3294 Hie
763 3247 875 3294 urbs
913 3259 990 3295 ese
1016 3247 1206 3296 Theboe.
1235 3250 1326 3296 Hic
1361 3256 1439 3297 est

415 3319 514 3372 hac
538 3322 756 3392 regione
773 3360 788 3386 ,
815 3341 932 3395 quc
965 3341 998 3376 a
1022 3323 1195 3396 Syene
1218 3323 1436 3394 incipit,

415 3411 466 3451 et
483 3403 652 3471 prima
673 3402 830 3454 trium
850 3404 1076 3475 partium
1097 3403 1320 3476 AEgypti
1337 3416 1436 3466 est,

414 3494 546 3548 quas
563 3499 720 3532 versu
757 3483 856 3545 364
886 3483 1192 3556 proposuit,
1215 3501 1440 3555 queque

416 3557 650 3611 Thebais
669 3560 953 3633 adpellata,
977 3583 1006 3615 u
1032 3563 1282 3635 primaria
1307 3564 1439 3616 urbe

415 3637 629 3691 Thebis.
654 3641 751 3694 W.
773 3671 844 3680 —·
861 3645 981 3693 Urbs
1007 3658 1082 3694 est
1099 3647 1290 3695 Thebae.
1305 3644 1436 3695 Ven.

421 3719 592 3768 Thebe.
623 3718 818 3772 Eversa
853 3733 964 3772 erat
983 3721 1166 3775 Thebe
1204 3734 1438 3792 tempore

417 3797 658 3867 Dionysii
677 3810 728 3850 et
746 3799 945 3851 Avieni.
969 3801 1090 3854 Vid.
1111 3802 1276 3856 Boch.
1300 3802 1364 3854 G.
1385 3802 1435 3854 S.

417 3895 470 3947 p.
491 3894 588 3947 ²79
610 3897 625 3942 ;
645 3889 817 3930 tamen
837 3892 895 3932 ut
908 3879 1099 3932 ssot-ens
1111 3893 1162 3933 et
1173 3894 1434 3951 superstes

414 3955 728 4009 celebratur.
771 3957 931 4010 Scan.
980 3960 1182 4031 Nempe
1228 3961 1432 4032 Diony-

415 4035 521 4089 sius
548 4035 937 4107 antiquissimos
963 4039 1276 4110 plerumque
1301 4057 1430 4092 scri-

1514 932 1765 985 Avienus.
1788 932 1891 987 W.
1906 936 2138 984 ——Thebe
2155 930 2354 984 babent
2376 931 2543 1003 Cusp-

1516 1022 1567 1064 et
1585 1010 1725 1064 Vad.
1750 1014 1924 1064 Theba
1944 1010 2083 1063 Pith.
2102 1022 2156 1063 et
2173 1008 2379 1083 reliqui.

1586 1088 1709 1143 368.
1749 1095 1874 1158 Quae
1900 1092 2133 1143 moent‘bus
2172 1091 2287 1142 altis
2327 1092 2541 1140 Proeein-

1514 1188 1637 1221 ,τινε
1675 1174 1847 1223 larem.
1889 1169 2140 1223 Similiter
2182 1168 2393 1233 Noster,
2438 1170 2538 1221 Or.

1517 1267 1647 1301 mar.
1668 1252 1803 1319 699:
1824 1275 1849 1295 οι
1868 1250 2123 1321 Stagnum
2140 1248 2305 1302 ambit
2324 1248 2508 1300 urbem
2523 1283 2541 1311 ,

1518 1341 1569 1381 et
1586 1327 1735 1382 unda
1754 1329 1941 1383 lambit
1958 1327 2222 1401 oppidum
2242 1330 2545 1399 Laremque

1520 1410 1635 1461 fusa
1661 1426 1717 1473 »3
1760 1408 1889 1461 item
1918 1428 1970 1461 v.
2006 1426 2138 1479 197:
2176 1408 2322 1461 «sub
2359 1406 2545 1459 nivoso

1518 1488 1747 1540 maxime
1763 1488 2149 1559 Septemtrione
2160 1486 2548 1540 collocaverant

1520 1566 1682 1619 larem
1706 1578 1819 1630 »3et
1831 1571 2010 1621 Descr-
2024 1565 2159 1620 orb.
2178 1567 2283 1637 870
2299 1584 2315 1620 ε
2331 1565 2549 1618 «Trans-

1521 1666 1711 1701 vexere
1728 1646 1895 1701 larem
1916 1672 1941 1692 ι-
1963 1668 1979 1715 ;
1999 1647 2054 1699 in
2076 1646 2272 1719 quibus
2298 1646 2570 1699 omnibus„

1520 1728 1802 1799 singularis
1837 1746 2091 1782 uumerus
2120 1727 2365 1781 occurrit.
2390 1728 2549 1779 Forte

1520 1820 1699 1861 tamen
1726 1828 1773 1859 m
1802 1806 2023 1861 adhesit
2056 1826 2115 1860 ex
2147 1808 2361 1879 subseq.
2391 1811 2549 1858 Hem·

1520 1908 1620 1939 non
1634 1926 1651 1948 ,
1671 1898 1725 1939 et
1745 1898 1933 1940 auctor
1945 1886 2120 1939 dedit:
2144 1912 2169 1931 α
2182 1886 2382 1939 Theba
2398 1923 2413 1947 ,
2430 1902 2551 1955 que

1522 1967 1781 2019 moenibus
1830 1966 1950 2019 altis
2003 1966 2331 2019 Praecinxere
2378 1964 2549 2026 lares;

1520 2049 1775 2100 Memnon
1795 2046 1887 2099 ubi
1906 2046 2203 2099 Tithoneus
2218 2063 2265 2109 »3
2287 2055 2339 2097 et
2352 2064 2404 2095 v.
2422 2043 2548 2110 495:

1524 2152 1549 2171 α
1566 2128 1939 2199 Romanosque
1964 2126 2100 2179 lares
2124 2127 2277 2199 lapsu
2299 2123 2551 2197 prolam-

1524 2208 1602 2260 bit
1619 2209 1835 2261 alumno
1860 2228 1906 2273 »ς
1932 2218 1983 2259 et
2018 2226 2144 2279 1071
2164 2223 2177 2257 ε
2200 2232 2225 2251 σι
2243 2203 2554 2275 Sidoniique

1524 2287 1660 2340 lares
1682 2312 1727 2340 ι.
1746 2288 1913 2341 Scan.
1937 2319 2008 2328 —
2030 2292 2261 2339 Memnon
2288 2286 2373 2336 ubi
2396 2286 2561 2337 Ti'tlto-

1525 2388 1665 2421 ηοω.
1687 2368 1967 2441 Pei-peram
1998 2366 2247 2420 scribitur
2278 2368 2553 2418 Tithonoeus

1524 2449 1580 2500 in
1598 2451 1735 2500 Ven.
1750 2447 1886 2500 Pith.
1897 2445 2064 2500 Huds.
2082 2458 2130 2499 et
2139 2440 2300 2518 Cus'p.
2316 2445 2557 2500 Scriben-

1526 2526 1653 2580 dum
1682 2539 1757 2581 est
1780 2531 2054 2580 Tae'tlaeoneus.
2073 2528 2210 2579 Nam
2233 2537 2291 2579 ut
2312 2543 2343 2577 a
2358 2525 2557 2592 Φοῖἷος,

1523 2609 1776 2676 Φοίὸεεος,
1810 2609 1885 2661 sic
1924 2627 1955 2662 a
1994 2609 2239 2672 Τιθωνὸς,
2280 2608 2553 2668 Τιοώνειος.

1524 2689 1635 2740 Nec
1674 2687 1825 2740 aliter
1866 2687 2049 2740 Ambr.
2091 2685 2304 2738 exhibet
2338 2695 2389 2738 et
2428 2685 2557 2736 citat
2592 2729 2601 2764 Ι

1524 2768 1705 2820 Heius.
1733 2765 1801 2820 ad
1814 2766 2006 2837 virgil.
2038 2772 2148 2823 Bu.
2172 2765 2214 2824 Ι,
2242 2781 2375 2828 τοῖς
2408 2764 2551 2816 conf.

1520 2847 1655 2902 scal.
1682 2844 1752 2900 ad
1772 2845 1955 2898 Manil.
1983 2865 2033 2917 p.
2066 2845 2187 2897 218.
2216 2844 2347 2896 Aliis
2365 2855 2442 2895 est
2466 2845 2545 2893 Ti·

1521 2931 1732 2980 thonius.
1787 2925 1936 2979 Idem
1992 2923 2218 2976 recurrit
2270 2923 2545 2976 Phaeuom.

1522 3027 1571 3059 v,
1604 3007 1765 3069 1034:
1783 3002 2230 3057 «NamTithoneo
2245 3019 2409 3073 quum
2424 3013 2547 3055 sunt

1524 3087 1658 3138 elata
1678 3083 1967 3156 profundo,
1992 3083 2188 3135 Rursus
2214 3080 2267 3134 in
2298 3079 2549 3134 occiduos

1528 3175 1841 3236 merguntur
1866 3161 2071 3233 singula
2098 3159 2311 3220 fluctus,
2346 3157 2550 3213 Ordine

1529 3245 1721 3316 partito
1743 3269 1784 3297 ι.
1816 3243 1965 3295 Hanc
1991 3241 2133 3293 enim
2167 3240 2546 3292 correctionem

1530 3325 1551 3391 (
1572 3342 1729 3396 quam
1754 3323 1877 3376 fecit
1896 3320 2110 3373 Grotius
2134 3319 2201 3371 ad
2227 3318 2413 3371 Avieni
2432 3316 2471 3370 l.
2501 3336 2546 3369 c.

1529 3415 1580 3456 et
1606 3401 1676 3455 ad
1700 3401 1951 3455 German.
1970 3419 2019 3471 p.
2051 3417 2139 3464 τι,
2166 3417 2263 3469 pro
2284 3416 2378 3459 eo,
2403 3395 2549 3468 quod

1528 3495 1607 3536 est
1657 3482 1713 3534 in
1766 3480 2016 3551 vulgatis,
2067 3483 2295 3546 Namque
2345 3479 2551 3527 Tit-*aneo

1528 3581 1677 3629 quum
1718 3563 1869 3628 sune)
1891 3560 2073 3612 firmat
2126 3570 2178 3610 et
2231 3557 2420 3628 probat
2464 3553 2549 3607 ed.

1526 3643 1664 3694 Ven.
1686 3657 1803 3712 quai
1828 3657 1924 3710 pro
1952 3641 2155 3688 Titaneo
2173 3635 2262 3688 dat
2286 3637 2547 3686 Tithonieo.

1527 3720 1593 3773 In
1620 3721 1721 3772 alia
1748 3718 1965 3791 quidem
1994 3719 2062 3771 N.
2089 3715 2338 3768 Heinsius
2364 3714 2431 3767 ad
2458 3713 2549 3765 Di-

1527 3818 1615 3854 ras
1648 3800 1759 3853 Cat.
1790 3819 1839 3851 v.
1876 3805 1969 3864 40,
2000 3795 2252 3860 discedit,
2274 3795 2545 3864 corrigen-

1522 3878 1649 3932 dum
1714 3877 2101 3951 pronuntians:
2149 3902 2175 3920 ‹-
2190 3877 2435 3946 Namque
2488 3891 2553 3926 ea

1522 3977 1723 4031 cyaneo
1742 3975 1910 4030 quum
1926 3967 2048 4007 sunt
2072 3956 2203 4007 elata
2224 3951 2495 4025 profundo
2508 3977 2549 4003 a.

1520 4037 1623 4092 sed
1658 4037 2042 4090 correctionem
2082 4035 2317 4087 refutant
2360 4033 2555 4082 occidui

413 4127 588 4184 ptores
618 4117 871 4188 sequitur,
899 4137 1070 4188 neque
1103 4117 1231 4188 quid
1267 4129 1434 4171 mutat
1504 4121 1720 4187 fluctus,
1756 4115 1847 4188 qui
1880 4118 2069 4169 docent
2113 4113 2282 4166 Eoum
2326 4111 2552 4182 profun-
