2996 4685
672 383 1319 452 TEsT1MoN1A
1390 377 1988 463 AUCTORUM,
2025 393 2148 448 ete.
2391 377 2481 450 85

344 516 529 595 cujus
560 517 853 603 ipsorum
893 512 1224 579 latinitatis
1260 513 1541 578 habitus.
1582 512 1666 576 At
1701 533 1888 574 secus
1933 510 2053 576 viri
2101 507 2382 599 insignes
2417 529 2482 575 et

347 621 507 685 nihil
562 642 695 683 non
746 619 907 684 scire
956 617 1175 707 cupidi
1196 667 1215 700 ,
1265 639 1469 705 eaque
1509 615 1700 680 laude
1744 617 2018 704 posteris
2063 616 2481 682 commenda-

344 727 541 790 biles:
576 748 863 813 quorum
890 727 1083 789 etiam
1117 725 1419 813 princeps
1446 725 1479 786 J
1485 722 1710 810 oseph
1738 722 2017 810 Scaliger
2049 720 2480 789 enarrandum

348 829 505 908 sibi,
538 847 602 896 et
630 831 907 927 junctim
936 831 1069 894 suis
1104 829 1227 892 sibi
1262 853 1413 892 cum
1442 828 1920 892 commentariis
1949 826 2278 892 edendum
2307 829 2486 892 hunc

347 914 605 1024 poetam
654 936 999 1003 destinavit
1041 933 1411 1040 aliquanda
1460 935 1536 997 ln
1583 935 1767 1014 cujus
1817 957 1938 996 nos
1985 934 2332 1054 aliquando
2379 960 2486 998 va-

348 1065 543 1106 cuum
582 1043 799 1106 locum
817 1041 1279 1131 ,impar-issimi
1305 1041 1491 1121 licet,
1531 1041 1898 1115 veniemus,
1949 1042 2054 1104 cui
2100 1039 2279 1105 dolet
2312 1057 2486 1105 certe

346 1163 597 1222 tantum
632 1146 1009 1236 scriptorem
1046 1170 1182 1210 non
1223 1145 1530 1236 peculiari
1577 1145 1790 1234 aliqua
1829 1145 2114 1210 editione
2158 1147 2484 1236 integrum

346 1270 631 1340 exstare,
662 1253 773 1318 sed
809 1253 1134 1342 adhaerere
1166 1253 1301 1316 aliis
1334 1252 1540 1315 instar
1572 1251 1940 1338 interpretis
1963 1301 1980 1334 ,
2029 1269 2142 1317 aut
2181 1254 2489 1318 Collecta-

344 1381 463 1422 nea
491 1360 821 1448 explentis.
852 1363 1042 1423 Certe
1071 1358 1245 1422 aliud
1271 1374 1560 1422 meretur
1589 1374 1764 1421 tanta
1794 1359 2024 1444 poesis,

414 1577 575 1679 ⁵xy.
624 1575 982 1677 GER3JO.
1014 1577 1401 1658 vosquS‚
1454 1575 1540 1640 de
1587 1576 1826 1643 Histor.
1880 1578 2087 1642 Latin.
2135 1579 2247 1642 ub.
2295 1579 2393 1661 11,
2467 1553 2472 1558 ’

1054 1759 1061 1768 ‚
1133 1707 1269 1772 cap.
1306 1705 1385 1770 9,
1432 1707 1495 1772 p.
1535 1705 1682 1746 202.

432 1888 715 1974 Avienus
750 1903 965 1950 totum
1006 1887 1258 1950 Livium
1306 1885 1536 1950 iambis
1583 1885 1929 1970 expressit,
1977 1901 2054 1948 ut
2095 1887 2188 1949 ait
2224 1886 2484 1952 Servius

345 1992 414 2053 in
450 1991 737 2054 Maronis
770 1990 966 2071 illud,
1008 1989 1120 2054 lib.
1160 1992 1223 2053 X
1244 2037 1261 2070 ,
1304 1990 1467 2050 Hc'nc
1517 1987 1822 2051 Helenum
1860 1993 2050 2084 petit)
2104 2006 2226 2053 etc.
2273 1990 2484 2057 Credo

347 2097 649 2160 eumdem
694 2120 832 2160 esse
874 2097 1119 2160 Rufum
1164 2097 1428 2160 Festum
1474 2094 1825 2173 Avienum,
1867 2077 2252 2160 Arateorum
2292 2098 2484 2161 inter-

342 2198 623 2292 pretem,
653 2204 835 2282 cujus
882 2217 1191 2290 praeterea
1224 2197 1530 2288 insignes
1575 2215 1770 2285 atque
1818 2199 2062 2264 eruditi·
2105 2202 2302 2266 libelli
2349 2202 2484 2268 duo

343 2307 539 2375 hodie
570 2309 861 2373 versibus
894 2307 1130 2373 exarati
1160 2323 1411 2371 exstant
1437 2330 1452 2370 :
1494 2326 1732 2393 nempe
1761 2295 2082 2391 Πιριτὴῒηὲις,
2126 2307 2258 2373 sive
2288 2307 2484 2375 Orbis

344 2416 706 2504 Descriptio
728 2463 746 2496 ,
780 2432 845 2479 et
878 2426 1173 2496 Περίπλους,
1210 2413 1343 2477 sive
1382 2412 1465 2477 de
1515 2415 1646 2478 Ora
1695 2417 2031 2479 maritima.
2051 2465 2066 2478 .
2096 2464 2111 2479 .
2139 2466 2156 2480 .
2185 2464 2200 2478 .
2247 2418 2478 2483 Beatus

343 2522 781 2609 Hieronymus
808 2521 1281 2585 commentario
1310 2522 1379 2583 in
1412 2521 1637 2586 Titum
1677 2523 1980 2587 meminit
2021 2523 2200 2604 ejus,
2242 2538 2316 2587 ut
2356 2546 2482 2589 nu-

343 2628 479 2715 peri
526 2628 876 2716 scriptoriS.
921 2626 1112 2690 Unde
1156 2626 1511 2691 Theodosii
1559 2627 1722 2717 Imp.
1759 2645 1943 2693 aetate
1987 2630 2254 2710 vixisse,
2307 2630 2486 2694 colli-

344 2734 556 2822 gimus
594 2756 611 2796 :
656 2733 1011 2821 praesertim
1048 2754 1253 2820 quum
1296 2754 1417 2795 nee
1450 2732 1706 2819 Pnobns
1743 2735 1850 2798 ille
1867 2783 1898 2815 ,.
1935 2734 2044 2799 cui
2085 2738 2478 2821 poematium

344 2838 428 2903 de
452 2861 566 2903 ora
602 2840 921 2903 maritima
964 2840 1263 2921 meruit,
1308 2838 1471 2901 alius
1507 2838 1836 2921 videatur,
1876 2864 1950 2905 ac
1982 2840 2344 2905 consularis
2375 2842 2481 2930 ille

344 2944 622 3025 Probus,
652 2943 733 3008 ad
762 2943 1213 3032 quemne-ibit
1246 2942 1664 3008 Claudianus.
1711 2944 1800 3008 Ut
1830 2945 2102 3009 omnino
2136 2962 2314 3011 erret.
2336 2948 2479 3011 Cri-

344 3050 550 3131 nitus,
578 3049 842 3138 quando
864 3050 1181 3113 Avienum
1208 3049 1389 3113 hunc
1413 3049 1796 3113 Diocletiani
1823 3052 2134 3139 aequalem
2157 3054 2329 3133 facit,
2356 3068 2476 3118 etc.

554 3264 801 3333 ..XVL-
822 3266 1077 3349 IDEM,
1114 3266 1196 3335 de
1225 3268 1440 3336 Poetis
1462 3270 1618 3335 ⁸Lat.
1647 3290 1788 3356 cap.
1822 3272 1898 3349 4,
1931 3290 2076 3358 pag.
2107 3269 2210 3335 55.
2313 3332 2322 3339 ,
2412 3326 2420 3334 .

332 3524 345 3538 ,
424 3467 717 3533 Gratiani
780 3490 866 3533 aci
913 3468 1265 3535 Theodosii
1320 3472 1728 3559 temporibus
1793 3472 1918 3537 suit
1979 3473 2188 3537 Rufus
2249 3476 2478 3543 Festus

342 3577 665 3657 Avienus,
710 3575 827 3663 qui
850 3577 1131 3641 -Ara'tum
1172 3589 1248 3641 et·
1278 3577 1574 3666 Dionysii
1607 3587 1902 3659 Πιριήνησιν
1945 3580 2232 3647 carmine
2275 3583 2475 3650 latino

338 3680 717 3747 transtulit:
750 3681 909 3745 item
944 3702 1209 3745 carmen
1252 3681 1604 3753 iambicum
1639 3682 1724 3749 de
1763 3683 1912 3749 Oris
1947 3686 2284 3753 maritimis
2329 3692 2477 3757 scri·

342 3788 511 3874 psit,
512 3785 771 3875 idque
786 3787 873 3855 ad
918 3786 1214 3853 Probum
1262 3790 1713 3871 consularem,
1760 3806 1836 3855 ut
1872 3814 2063 3857 versu
2089 3815 2360 3881 primo,
2404 3817 2478 3864 et

342 3892 577 3980 soepius
612 3894 1037 3981 sequentibus
1070 3867 1448 3959 indicatur..
1476 3895 1673 3961 .·Nec
1697 3894 1899 3966 alium
1932 3914 2101 3987 puto
2119 3902 2444 3969 Avienum
2460 3954 2479 3987 ,

344 4020 543 4085 quem
570 4000 945 4087 loquentem
978 3998 1230 4068 inducit
1264 4000 1634 4067 Macrobius
1681 4003 1750 4069 in
1783 4004 2249 4073 Saturnalibus.
2293 4008 2474 4073 Idem

342 4102 836 4187 etiamyidetur,
846 4108 963 4193 qui
976 4108 1221 4175 fabulas
1234 4107 1572 4197 AEsopicas
1587 4110 1875 4175 carmine
1884 4110 2158 4200 signavit
2175 4114 2474 4203 elegiaco.
