2996 4685
985 389 1194 460 onA
1245 389 1792 460 MARITIMA.
2304 395 2443 486 445

523 517 658 581 Iter
691 528 770 582 ut
811 527 1071 606 pateret
1111 509 1302 582 facile
1337 511 1601 605 captivo
1637 512 1843 606 gregi.

525 627 736 692 Porro
777 622 946 693 illud
983 628 1232 693 Herma
1267 623 1420 715 jure
1457 621 1581 690 sub
1626 622 1861 717 Libyci
1898 624 2021 694 soli

529 733 759 802 Fuisse
797 733 1054 828 pridem
1083 719 1112 819 ,¹
1137 732 1408 828 plurimi
1442 745 1746 801 auctores
1780 732 2025 805 ferunt.
2376 767 2454 807 ³3·

527 846 670 913 Nec
709 843 1120 938 respuendus
1158 843 1343 911 testis
1381 855 1482 910 est
1515 841 1905 936 DionysiuS‚

527 952 756 1046 Lihyae
795 977 934 1022 esse
969 953 1172 1021 finem
1214 951 1333 1046 qui
1377 949 1575 1018 docet
1611 953 2037 1022 Tartessium.

529 1065 821 1156 Europae
858 1064 928 1132 in
965 1087 1158 1157 agro,
1194 1060 1378 1157 quod
1413 1061 1639 1130 vocari
1676 1058 2041 1133 ab'incolis

533 1175 812 1242 Sacrum
850 1173 1178 1258 indicavi,
1213 1172 1605 1266 prominens
1640 1171 2057 1244 subducitur.
2150 1253 2164 1276 δ

531 1284 746 1352 Locos
789 1297 1106 1378 utrosque
1141 1281 1466 1350 interfluit
1515 1293 1712 1350 tenue
1754 1279 2019 1352 fretum.
2384 1315 2462 1354 ³35

533 1390 738 1481 Quod
766 1397 1016 1461 Herma
1053 1416 1257 1486 porro
1287 1405 1354 1460 et
1387 1387 1693 1460 Herculis
1723 1389 1974 1461 dictum
2016 1409 2115 1463 est
2145 1397 2300 1484 Via,

533 1500 956 1595 Amphipolis
999 1502 1183 1571 urbis
1225 1499 1444 1570 incola
1483 1503 1852 1569 Euctemon
1897 1503 2028 1591 ait,

413 1660 536 1730 3²9·
575 1667 727 1713 Porro
761 1666 892 1714 illud
925 1669 1104 1716 Herma
1127 1666 1246 1732 jure
1275 1667 1362 1715 sub
1447 1660 1740 1724 adtollitur,
1757 1661 2027 1734 quomodo
2046 1663 2235 1719 Noster
2256 1668 2466 1740 sepius.

342 1741 506 1805 Libyci
527 1743 637 1792 soli.
683 1741 874 1814 Scylax
917 1744 1098 1795 Iberos
1137 1743 1364 1814 primam
1449 1741 1633 1794 Descr.
1660 1740 1795 1794 Orb.
1823 1759 1900 1794 ve.
1936 1743 2063 1812 379:
2105 1769 2127 1790 ι
2153 1744 2267 1800 Nec
2294 1749 2469 1800 minna

344 1817 572 1890 Europa
599 1832 808 1891 partem
834 1821 1075 1875 obtinere
1100 1822 1174 1875 ait
1190 1862 1205 1887 ,
1251 1841 1366 1877 eoo·
1447 1818 1538 1872 bic
1582 1821 1808 1892 specula
1860 1833 2037 1874 vertex
2084 1823 2402 1878 subducitur
2426 1853 2470 1877 ¹·-

345 1912 451 1964 que
473 1916 503 1950 a
527 1899 662 1951 sreto
687 1898 913 1953 orditur.
943 1901 1106 1966 Quod
1125 1902 1260 1954 ultra
1279 1921 1368 1955 00-
1453 1897 1596 1952 Ibid.
1622 1917 1699 1950 vs.
1730 1899 1865 1968 589:
1896 1925 1922 1945 ot
1940 1912 2109 1953 tumet
2132 1901 2333 1955 arduus
2357 1903 2475 1956 Πω-

347 1975 554 2028 lumnas
587 1977 768 2050 igitur,
807 1977 1024 2031 minime
1058 1980 1226 2033 Iberia
1258 1999 1369 2034 esee
1453 1996 1572 2031 mue
1589 2016 1606 2043 ,
1638 1977 2058 2051 Threiciamque
2090 1993 2252 2051 caput
2282 1981 2476 2036 subdu-

347 2067 540 2127 potest.
561 2057 793 2128 Europoe
816 2069 993 2111 tamen
1013 2057 1372 2131 adscripsisse,
1455 2056 1597 2109 citur
1616 2081 1657 2108 ι.
1680 2056 1807 2110 Vid.
1823 2056 1964 2112 infra
1990 2076 2045 2111 v.
2068 2059 2190 2112 508.

348 2151 413 2185 ex
435 2151 500 2186 eo
523 2147 690 2206 patet,
715 2134 861 2208 quod
880 2135 1100 2190 Sacrum
1121 2155 1372 2210 promon—
1528 2135 1648 2190 335.
1680 2139 1969 2188 Subducitur
1990 2142 2170 2191 Locus.
2201 2137 2327 2193 Haec
2357 2157 2477 2192 con-

348 2212 540 2265 torium
561 2214 618 2265 in
645 2215 858 2286 Europa
884 2215 1122 2269 collocet.
1150 2216 1371 2268 Plurimi
1449 2217 1683 2286 jungunt
1704 2215 1931 2286 antique
1962 2215 2084 2269 edd.
2106 2219 2243 2272 Ven.
2268 2231 2321 2271 et
2342 2217 2479 2271 Pith.

349 2291 489 2345 enim
511 2293 871 2364 antiquorum,
901 2293 1048 2366 quod
1077 2294 1274 2349 crebra
1295 2313 1372 2348 es-
1455 2311 1590 2365 quaa
1614 2292 1850 2366 sequitur
1874 2293 2186 2361 Endromis,
2210 2296 2351 2351 male
2376 2317 2483 2351 om·

349 2384 465 2424 sent
489 2372 1002 2445 Carthaginiensium
1024 2375 1244 2428 colonie
1267 2374 1372 2429 hoc
1457 2371 1587 2425 nino
1601 2408 1617 2434 ,
1633 2373 1727 2443 qui
1744 2371 1902 2425 Locus
1922 2375 2189 2445 pertinere
2208 2376 2279 2429 ad
2290 2380 2479 2445 promi..

350 2450 407 2504 in
433 2452 581 2515 loco,
622 2452 806 2526 Libya
833 2453 1141 2513 tribuerunt,
1159 2454 1373 2508 univer·
1456 2472 1581 2504 nens
1608 2452 1743 2506 falso
1770 2454 2171 2509 existimaverat.
2208 2458 2329 2510 Jam
2352 2456 2485 2529 Opi-

351 2550 468 2583 sum
493 2531 646 2584 illum
681 2544 929 2585 tractum.
959 2539 1164 2587 Auctor
1183 2547 1261 2587 eat
1280 2534 1376 2589 Fe·
1458 2532 1585 2597 tius,
1606 2551 1663 2604 p.
1684 2534 1751 2586 38
1764 2570 1781 2597 ‚
1799 2546 1947 2587 recte
1968 2532 2299 2608 distinguens
2324 2536 2480 2606 legit:

357 2621 465 2663 stus
481 2650 496 2675 ,
527 2611 618 2661 ubi
657 2610 767 2681 agit
795 2608 863 2663 de
903 2612 1150 2665 Hermate
1183 2612 1252 2667 ad
1289 2614 1376 2667 Sa·
1453 2614 1737 2679 prominens
1760 2616 2058 2665 subducieur.
2086 2620 2238 2666 Locos
2257 2630 2486 2682 utrosque

357 2706 505 2741 crum
526 2706 694 2759 prom.
720 2695 870 2739 Pon-o
894 2692 1020 2741 mad
1035 2696 1242 2752 Henna,
1272 2704 1372 2745 etc.
1461 2693 1696 2760 interfluit
1710 2689 1807 2743 rel.
1844 2691 2037 2743 Probat
2065 2692 2168 2745 hoc
2192 2711 2352 2765 quam
2378 2710 2487 2745 ma·

357 2766 632 2837 Quidquid
676 2766 836 2839 igitur
876 2780 954 2819 est
990 2787 1018 2819 a
1057 2768 1218 2821 Sacro
1253 2788 1378 2839 pro-
1463 2768 1605 2820 xime
1623 2767 1841 2821 Schrad.
1864 2770 2015 2823 Praef.
2036 2771 2102 2823 ad
2120 2771 2344 2824 Emend.
2366 2790 2487 2844 pag.
2556 2772 2559 2777 ’

355 2846 622 2899 montorio
637 2886 653 2911 ‚
682 2865 850 2918 usque
867 2847 1176 2909 Tartessius,
1197 2848 1380 2919 Libyas
1467 2847 1535 2899 30
1552 2885 1569 2911 ‚
1596 2845 1841 2914 idemque
1864 2847 2053 2902 codice
2078 2850 2261 2903 Ambr.
2291 2850 2485 2903 confir-

358 2926 772 2979 adscribebantur.
802 2926 959 2981 Voss.
993 2926 1062 2980 ad
1081 2926 1222 2999 Scyl.
1245 2946 1304 2999 p.
1336 2946 1380 2979 1.
1465 2924 1603 2977 mari
1644 2925 1736 2979 ait.
1790 2924 1971 2979 Codex
2012 2928 2079 2980 V.
2124 2947 2155 2982 e
2206 2928 2489 2982 collatione

430 3006 527 3059 332
539 3046 552 3058 .
572 3010 670 3074 Qui
681 3011 824 3058 docet
838 3004 1382 3059 Tartesu'um.Videtur
1467 3004 1656 3057 Ortelii
1672 3021 1859 3057 revera
1875 3004 2085 3060 exhibet
2100 3011 2233 3058 locos
2248 3022 2496 3076 utrosque,

361 3086 619 3157 respicere
641 3086 882 3159 Dionysii
913 3105 988 3141 vs.
1019 3088 1116 3156 176
1134 3123 1150 3149 ‚
1180 3086 1277 3139 ubi
1299 3098 1382 3140 ta-
1469 3084 1565 3155 qui
1590 3102 1660 3137 an
1684 3082 1825 3136 idem
1854 3102 1977 3137 cum
1999 3087 2379 3153 Ambrosiano,
2403 3106 2494 3139 cu-

363 3182 483 3215 men
529 3184 639 3217 non
684 3165 990 3219 Tartessum
1009 3206 1024 3230 ,
1071 3164 1164 3218 aed
1209 3164 1384 3219 Gades
1465 3166 1557 3235 jue
1604 3174 1681 3216 eat
1728 3163 2026 3235 Descriptio
2072 3166 2260 3232 Orbis,
2320 3178 2494 3228 earet,

363 3243 619 3297 nominat.
644 3244 748 3296 Vel
772 3263 825 3297 v.
853 3260 945 3297 to:
981 3234 1214 3301 m'firoi
1231 3242 1384 3301 Διὸὑη
1472 3243 1649 3296 adhuc
1678 3241 1932 3296 dubitavi.
1960 3244 2131 3297 Etiam
2158 3244 2340 3297 Heius.
2371 3245 2495 3298 scri-

365 3322 449 3393 ‘²³2
470 3322 558 3373 ἀπ’
569 3321 800 3393 Εὐρώπης
824 3324 924 3389 ἔχει
943 3318 1106 3395 οὖρον,
1129 3344 1176 3375 κ.
1191 3344 1236 3375 τ.
1256 3332 1302 3377 λ.
1473 3323 1579 3396 psit
1606 3328 1779 3374 Locos.

442 3400 562 3455 333.
583 3407 790 3469 Europa
807 3405 860 3453 in
879 3421 1022 3470 agr-o.
1036 3402 1116 3455 Ab
1137 3402 1388 3457 Hermate
1548 3401 1667 3454 336.
1692 3404 1840 3468 Quod
1849 3404 2031 3450 Herma
2043 3418 2194 3468 por-m
2216 3412 2306 3451 aut
2322 3405 2498 3451 Hercu-

367 3480 508 3534 redit
535 3494 722 3535 auctor
745 3478 816 3535 ad
840 3482 1060 3536 Sacrum
1087 3494 1392 3555 promonto-
1475 3482 1553 3534 Iis.
1580 3479 1666 3532 Sic
1692 3480 1881 3531 Venet.
1922 3489 1973 3529 et
2009 3477 2143 3532 Pith.
2181 3478 2499 3533 Emendavit

366 3560 508 3613 rium
527 3599 543 3624 ,
565 3562 794 3633 Europa!
807 3572 1094 3615 extremum
1109 3600 1124 3627 ,
1149 3562 1294 3635 quod
1314 3563 1392 3616 le·
1479 3556 1769 3611 Hudsonus
1790 3572 1839 3607 ee
1853 3560 2093 3609 Herculis.

369 3652 513 3711 gerat
563 3639 706 3711 apud
743 3638 1116 3711 Geograpbum
1139 3678 1156 3703 ‚
1194 3640 1394 3694 Herma
1552 3636 1670 3706 337.
1709 3640 1885 3687 Incola
1925 3638 2017 3687 boc
2052 3640 2245 3688 daemon
2285 3640 2377 3689 aie.
2415 3636 2501 3691 Sic

369 3718 504 3771 illud
572 3720 710 3771 ultra
775 3718 1200 3789 promontorium
1225 3760 1234 3773 .
1265 3718 1394 3771 Her·
1481 3716 1712 3787 antique
1739 3713 1878 3767 Pith.
1908 3718 2055 3767 Cleon
2082 3718 2379 3788 conjecerat
2408 3718 2505 3770 Ca-

369 3815 564 3849 maeum
597 3816 628 3850 a
664 3796 831 3869 Libya
869 3795 941 3851 ad
975 3816 1148 3869 prom.
1175 3798 1394 3851 Sacrum
1484 3796 1635 3847 aaub.
1679 3806 1738 3846 ut
1779 3812 1939 3865 supra
1978 3813 2053 3846 vs.
2102 3796 2200 3858 48,
2249 3820 2271 3841 ι
2295 3794 2502 3848 Siculus
2582 3792 2587 3797 ’

373 3875 604 3935 extendi.
651 3876 766 3929 Hoc
809 3876 940 3929 dicit
979 3878 1168 3949 Scylax
1184 3916 1198 3941 ‚
1242 3878 1396 3947 cujus
1482 3873 1651 3927 Cleon
1668 3896 1721 3940 »3
1741 3871 1835 3926 aed
1852 3872 2031 3927 Heius.
2051 3877 2218 3925 incola
2235 3879 2499 3926 Euctemon

373 3956 530 4007 verba
556 3955 625 4008 ad
652 3974 705 4009 v.
727 3956 828 4009 323
856 3968 908 4009 et
936 3956 1037 4019 324
1058 3955 1394 4027 protulimus.
1483 3956 1571 4006 aie.
1599 3951 1727 4005 Vid.
1754 3970 1909 4023 supra
1941 3970 2016 4005 ve.
2047 3958 2129 4023 47.
2170 3953 2236 4005 Et
2260 3952 2335 4006 sic
2365 3953 2503 4007 Scri·
2584 3959 2591 3967 '

446 4036 566 4099 334.
597 4038 909 4097 Prominem,
951 4036 984 4087 i.
1012 4054 1056 4087 e.
1086 4044 1394 4106 promonto·
1492 4032 1687 4085 verius.
1717 4032 1900 4084 Paullo
1924 4044 2043 4102 poet
2070 4052 2117 4084 v.
2139 4032 2271 4085 350:
2294 4056 2317 4078 «ι
2342 4032 2502 4083 Athe-

374 4115 510 4167 rium
531 4136 548 4182 ;
571 4112 680 4167 vid.
703 4134 754 4165 v.
777 4120 864 4181 94.
883 4146 952 4158 ——
970 4116 1273 4175 Subducimr,
1296 4113 1331 4167 i.
1348 4132 1393 4165 e.
1493 4109 1686 4163 niensis
1750 4109 1879 4163 dicit
1945 4110 2237 4163 Euctemon
2303 4111 2427 4161 item
2456 4133 2502 4161 a.
