2996 4685
699 321 830 390 AD
881 321 1406 390 DESCRIPT.
1447 321 1745 390 ORBIS
1798 320 2168 388 TERRAE.
2352 316 2487 416 377

347 440 916 529 quemadmodum
956 443 1022 506 in
1071 442 1323 531 legibus
1356 441 1667 504 Romanis
1699 440 1929 530 digitus
1956 442 2059 505 vel
2092 441 2281 504 uncia
2312 464 2495 528 aquae

351 531 664 606 mensura
691 541 948 623 dicitur,
972 566 1115 630 quae
1149 565 1228 607 ex
1259 543 1527 606 castellis
1555 543 1826 628 publicis
1856 544 1920 607 in
1951 541 2121 606 aedes
2147 541 2495 607 derivanda

350 642 763 708 conceditur.
802 643 988 732 (vid.
1021 645 1400 734 wesseling.
1434 643 1704 709 Observ.
1730 668 1861 708 var.
1894 644 2004 708 lib.
2042 644 2141 725 11,
2168 666 2303 732 cap.
2343 646 2495 732 27.)

359 747 531 810 Hinc
582 746 774 812 Nilus
817 747 1038 812 ulnam
1073 747 1375 836 dispergit
1415 748 1481 810 in
1534 770 1723 834 agros
1774 745 2128 837 significat,
2167 746 2357 810 Nilus
2410 745 2493 810 ad
2606 752 2615 762 '

353 843 594 921 justam
649 846 1008 912 ubertatem
1065 849 1430 912 increscens
1481 879 1507 904 ι
1534 870 1647 936 per
1706 847 2087 935 campestria
2136 869 2372 936 vagus,
2424 849 2491 911 in

363 945 548 1032 plura
583 947 904 1013 scinditur
939 947 1236 1031 flumina,
1271 970 1603 1036 manuque
1656 947 1987 1012 canalibus
2030 948 2249 1029 factis,
2289 965 2367 1012 ut
2414 949 2498 1012 sit

367 1044 598 1112 modus
629 1050 696 1113 in
736 1049 1166 1114 derivantium
1206 1065 1559 1138 potestate,
1586 1069 1705 1136 per
1736 1065 1939 1115 totam
1971 1048 2277 1114 discurrit
2301 1048 2497 1138 JEgy-

364 1163 554 1234 ptum
572 1177 622 1228 n,
647 1173 791 1238 quae
808 1151 999 1215 verba
1020 1169 1177 1215 sunt
1197 1152 1454 1216 Senecae
1481 1152 1628 1216 Nat.
1652 1152 1895 1235 Quaest.
1923 1151 2035 1233 IV,
2062 1175 2119 1216 c.
2145 1175 2182 1214 2
2205 1199 2221 1231 ,
2252 1173 2311 1239 p.
2342 1155 2493 1237 749.
2543 1205 2551 1220 ,

375 1247 656 1312 Verbum
689 1251 1002 1340 dispergit
1042 1251 1319 1316 illustrat
1361 1252 1601 1316 Lucan.
1654 1253 1767 1333 IV,
1814 1257 1967 1334 142,
2001 1253 2116 1316 ubi
2160 1252 2241 1317 de
2286 1253 2491 1318 Sicori

371 1346 640 1412 flumine
673 1351 740 1414 in
791 1353 961 1416 rivos
1008 1352 1318 1417 diducto:
1349 1354 1729 1442 «Spargitur
1771 1353 1839 1418 in
1889 1356 2141 1437 sulcOS,
2176 1372 2240 1419 et
2292 1355 2491 1420 scisso

366 1449 616 1538 gurgite
647 1452 788 1516 rivis
827 1455 950 1518 Dat
979 1477 1198 1542 poenas
1231 1455 1490 1535 majoris
1528 1479 1713 1542 aquae
1732 1487 1775 1518 υ.
1816 1455 2019 1538 Quod
2052 1457 2105 1520 si
2140 1457 2307 1520 forte
2343 1456 2488 1544 quis

361 1547 588 1613 durius
637 1549 1099 1644 obscuriusque
1144 1554 1395 1622 dictum
1446 1558 1770 1622 existimet
1814 1557 2037 1622 ulnam
2079 1559 2380 1647 das-pergit
2420 1564 2489 1622 in

365 1674 588 1738 agros,
620 1651 814 1718 nihilo
843 1672 1061 1720 tamen
1092 1658 1426 1722 meliorem
1462 1658 1987 1724 emendationem
2021 1683 2160 1726 esse
2190 1661 2491 1743 arbitror,

367 1754 418 1816 si
458 1753 604 1840 quis
639 1753 836 1820 alvan
869 1760 968 1822 vel
1010 1757 1232 1823 limum
1269 1761 1572 1850 dispergit
1607 1762 1817 1850 legere
1863 1763 2061 1826 malit.
2096 1760 2269 1826 Illud
2314 1762 2491 1826 enim

366 1853 764 1916 contrarium
798 1861 1124 1922 sententiae
1156 1863 1438 1926 auctoris
1468 1878 1599 1944 est,
1629 1864 1745 1951 qui
1780 1862 2041 1927 laudare
2070 1863 2295 1928 Nilum
2318 1864 2489 1947 vult3

369 1954 566 2052 hoc-a
598 1956 868 2044 vestigi‘s
917 1959 1141 2047 priscae
1191 1963 1525 2052 scripturae
1570 1965 1847 2029 nimium
1898 1965 2190 2048 aberrat,
2221 1981 2287 2029 et
2327 1964 2489 2028 nihil

367 2076 563 2118 sensu
609 2054 830 2120 differt
850 2059 932 2124 ab
971 2084 1077 2143 e0,
1116 2063 1296 2150 quod
1332 2067 1549 2129 statim
1582 2066 1963 2145 subjicitur:
1994 2069 2115 2131 «Et
2164 2067 2340 2131 fovet
2383 2066 2487 2129 in-

363 2171 548 2220 vecto
561 2173 694 2221 sata
714 2162 954 2248 gurgite
969 2194 1011 2225 u.
1027 2163 1207 2244 Quid
1225 2165 1426 2228 multa
1438 2165 1466 2227 Ρ
1478 2166 1885 2252 aptissimum
1903 2167 2487 2256 elegantissimum-

365 2277 498 2342 que
529 2257 809 2322 arbitror
844 2260 1072 2351 legere:

710 2409 861 2461 Nilus
887 2423 926 2463 α
947 2411 1232 2467 immensos
1255 2416 1418 2468 vitam
1441 2415 1694 2489 dispergit
1720 2419 1776 2471 in
1798 2437 1972 2489 agros.

365 2560 517 2623 Haec
553 2560 776 2642 lectio,
800 2586 1121 2629 summum
1155 2590 1338 2654 aquae
1368 2570 1428 2633 N
1435 2570 1631 2635 iliacae
1663 2571 2053 2638 beneficium
2088 2550 2485 2660 exprimens,

364 2661 705 2725 maximam
740 2664 998 2729 omnim
1028 2667 1161 2731 vim
1198 2668 1397 2734 habet
1429 2670 1513 2733 ad
1548 2671 1805 2736 laudem
1842 2674 2010 2755 Nili,
2044 2652 2239 2761 quam
2287 2672 2485 2736 Poeta

365 2760 498 2869 ¹¹⁰3
526 2761 672 2826 loco
723 2784 1005 2829 enarrale
1044 2768 1222 2848 vult3
1256 2768 1440 2832 valde
1484 2772 1640 2835 item
1684 2773 2110 2839 similitudine
2146 2774 2481 2837 literarum

361 2859 450 2946 ad
459 2863 792 2953 vulgatum
812 2865 1018 2931 ulnam
1036 2869 1139 2932 vel
1155 2869 1370 2935 ulvam
1387 2872 1656 2954 accedit,
1672 2872 1955 2962 (lenique
1971 2874 2187 2939 verbis
2204 2897 2482 2963 sequen-

363 2962 536 3026 tibus
591 2980 722 3029 tam
781 2965 950 3031 bene
991 2972 1330 3060 congruit,
1365 2989 1442 3036 ut
1489 2974 1573 3037 ab
1624 2973 1727 3039 his
1774 2976 2129 3065 explicetur
2177 2978 2378 3065 magis
2416 2993 2483 3040 et

359 3064 747 3129 illustretur:
784 3068 1005 3133 «vitam
1044 3070 1354 3163 dispergit
1387 3074 1450 3141 in
1487 3098 1713 3163 πει-οε,
1740 3094 1807 3141 et
1834 3078 2011 3142 fovet
2044 3078 2299 3143 invecto
2348 3093 2481 3141 sata

364 3166 647 3253 gurgite:
677 3167 865 3231 Nilus
897 3170 1203 3237 honorem
1237 3176 1479 3240 Telluri
1516 3195 1802 3264 reparat,
1832 3196 1952 3245 etc.
1970 3212 1995 3235 υ
2017 3181 2271 3272 Nempe
2302 3179 2483 3243 miri-

363 3265 546 3329 ficam
585 3268 891 3333 virtutem
943 3294 1243 3359 aqiarum
1285 3277 1414 3344 Nili
1455 3277 1710 3361 laudat,
1738 3303 1869 3369 qua
1900 3282 2131 3361 vitam,
2156 3282 2477 3370 vigorem,

360 3365 746 3431 viriditatem
765 3416 783 3449 ,
809 3370 1152 3437 ubertttem
1183 3400 1298 3464 per
1327 3401 1554 3445 omnes
1582 3404 1771 3470 agros
1794 3381 2059 3471 AEgypti
2077 3430 2095 3462 ,
2120 3404 2255 3446 non
2280 3381 2479 3447 modo

361 3467 718 3533 seminibus
749 3472 1192 3563 frugibusque,
1221 3476 1335 3543 sed
1367 3482 1805 3549 animantibus
1836 3484 2027 3548 variis
2062 3484 2477 3573 generandis,

360 3569 604 3635 alendis
620 3621 638 3653 ,
671 3571 1101 3664 augendisque
1126 3577 1474 3645 diffundat.
1497 3585 1794 3674 vulgaris
1817 3588 2316 3675 communisque
2342 3587 2479 3652 haec

359 3670 526 3735 fama
555 3672 636 3737 de
649 3675 802 3739 Nilo
826 3678 1168 3745 multorum
1195 3683 1589 3769 scriptorum
1620 3688 2001 3754 testimoniis
2025 3688 2475 3770 confirmatum

360 3772 472 3836 sed
529 3778 928 3865 praecipuum
982 3774 1146 3845 mne
1197 3799 1426 3847 testem
1477 3786 1706 3877 adlego
1761 3790 1990 3878 Pomp.
2043 3790 2315 3873 Melam,
2362 3792 2477 3878 qui

360 3872 469 3937 lib.
502 3876 561 3954 I,
587 3897 724 3963 cap.
757 3901 798 3963 9
815 3927 833 3960 ,
861 3878 942 3943 de
975 3880 1108 3947 Nlo
1138 3898 1203 3947 et
1227 3883 1545 3973 AEgypto:
1569 3890 1755 3953 «Non
1782 3910 2069 3978 pererrat
2090 3910 2307 3957 autem
2334 3910 2473 3957 tan·

351 3991 498 4045 sum
545 4000 717 4059 eam,
750 3981 860 4045 sed
905 3983 1106 4049 aestivo
1156 3983 1366 4050 sidere
1414 3989 1749 4054 exundans
1786 3994 1978 4057 etiam
2024 3994 2278 4083 irrigat,
2312 3994 2473 4057 adeo

359 4076 722 4144 efficacibus
765 4083 948 4169 aquis
998 4084 1060 4149 ad
1110 4089 1553 4175 generandum
1606 4093 2073 4182 alendumque,
2105 4113 2208 4177 ut,
2244 4109 2472 4181 praeter
