2996 4685
522 359 659 431 260

1280 349 1361 415 R.
1412 345 1485 411 F.
1538 339 1892 410 AVIENI

710 476 1020 550 Carmine
1050 491 1234 539 nunc
1268 466 1493 538 Asiam
1527 461 1788 531 formet·
1808 457 2051 553 stylus:
2081 458 2306 526 incute
2331 455 2600 524 doctam

616 587 897 672 Phoebe,
934 575 1207 674 chelyn!
1242 577 1399 645 totis
1438 571 1722 642 Helicon
1757 569 2048 664 adspiret
2077 567 2162 636 ab
2195 565 2422 635 antris.

616 697 911 770 Maxima
952 716 1105 788 pars
1146 687 1329 758 orbis
1368 681 1792 766 narrabitur;
1838 676 2082 773 inclyta
2119 674 2314 745 tellus

616 815 972 881 Prometur
1004 799 1239 872 Musis.
1277 800 1638 866 Terrarum
1675 811 1934 860 summa
1973 787 2257 856 duarum
2578 807 2656 845 κιο

623 919 839 991 Unius
875 929 976 985 est
1013 911 1236 995 limes,
1268 931 1416 1001 quae
1456 901 1706 996 cespite
1751 899 2043 994 protegit
2081 896 2330 965 ambas.

621 1027 890 1101 Vastius
930 1037 1030 1092 est
1064 1019 1237 1092 Asiae
1278 1013 1400 1084 diti
1435 1025 1667 1106 caput,
1701 1008 1988 1104 indeque
2025 1007 2266 1077 sensim

530 1268 631 1330 XI,
660 1273 780 1337 499.
804 1263 907 1313 En.
950 1291 1017 1301 -—
1056 1255 1121 1308 In
1144 1255 1283 1307 Ven.
1320 1261 1372 1304 et
1404 1247 1542 1302 Pith.
1631 1243 1887 1297 Phoebum
1906 1281 1922 1306 ‚
1943 1243 2048 1307 ait,
2081 1241 2347 1296 advocans
2387 1237 2660 1292 Nemesia-

528 1361 771 1400 versatur.
809 1344 1122 1412 Anonymus
1162 1347 1401 1388 versetur.
1450 1329 1547 1382 His

528 1430 673 1498 favet
710 1421 889 1476 Boeth.
926 1420 1090 1474 Cone.
1122 1415 1259 1469 Phil.
1291 1413 1372 1478 11,
1398 1431 1451 1474 a,
1481 1426 1545 1463 a:

530 1533 553 1554 ι
576 1504 630 1559 si
653 1511 876 1575 quantas
896 1496 1095 1572 rapidis
1116 1494 1327 1548 flatibus
1354 1491 1550 1543 incitus

529 1586 733 1638 Pon-tus
754 1591 927 1634 versat
950 1593 1137 1630 arenas
1159 1599 1202 1626 a.
1222 1568 1516 1625 Columella
1532 1605 1548 1630 ‚

1633 1341 1761 1377 num
1776 1365 1791 1390 ,
1817 1323 2019 1397 Cyneg.
2045 1327 2108 1386 42
2135 1322 2414 1392 «ingentes
2437 1319 2658 1372 Helicon

1631 1404 1785 1476 jubet
1808 1405 1888 1456 ire
1909 1421 2004 1474 per
2028 1419 2180 1472 agros
2194 1425 2233 1452 n.
2261 1399 2485 1452 Helicon
2513 1398 2660 1450 enim

1637 1483 1726 1536 hic
1763 1501 1917 1536 mons
1956 1491 2069 1544 est,
2097 1477 2242 1553 quod
2277 1493 2428 1530 antra
2467 1476 2662 1529 docent

1636 1561 1736 1636 ipsi
1761 1562 1976 1616 tributa.
2001 1563 2163 1616 Smin.

530 1663 637 1728 ΙΙΙ,
669 1681 721 1726 2,
761 1672 819 1712 ut
858 1654 1054 1728 vulgati
1082 1651 1232 1706 libri:
1264 1677 1289 1698 ο-
1308 1648 1550 1712 Discere,
1573 1673 1601 1702 f
1711 1643 1830 1711 819.
1867 1645 2098 1692 Maxima
2119 1657 2244 1708 pars
2279 1639 2426 1689 orbis.
2456 1635 2664 1706 Nempe

532 1762 692 1816 quam
749 1737 929 1793 multae
982 1733 1229 1805 Zephyro
1278 1739 1552 1782 versentur

533 1841 705 1876 arenae
726 1846 771 1873 a.
790 1821 811 1886 (
826 1818 893 1870 In
906 1813 1134 1886 Virgilio
1147 1810 1337 1882 legitur
1352 1811 1552 1859 turben·

530 1920 623 1954 tur.
642 1903 663 1970 )
683 1896 841 1953 ovid.
874 1897 1090 1948 Metam.
1125 1893 1200 1959 11,
1230 1891 1360 1955 456:
1390 1912 1413 1935 α
1436 1887 1555 1938 Ibat

533 1995 585 2037 et
622 1977 841 2033 adu-itas
867 1973 1108 2027 versabat
1136 1970 1281 2024 rivus
1307 1983 1491 2021 arenas
1511 1991 1556 2019 a.

532 2061 767 2114 Alcimus
818 2067 995 2108 tamen
1045 2049 1255 2115 Avitus,
1288 2047 1363 2113 V,
1417 2046 1553 2107 384:

538 2170 559 2188 ι·
576 2141 697 2192 Non
716 2137 889 2206 impar
908 2149 1151 2195 numero,
1176 2127 1362 2182 caelum
1387 2141 1554 2197 quum

536 2218 771 2292 pingitur
804 2211 953 2266 asti-is
972 2251 987 2276 ,
1009 2213 1214 2262 AEntuat
1251 2217 1343 2258 aut
1382 2214 1560 2256 motus

536 2295 704 2370 pelagi
750 2289 1101 2362 crispantibus
1149 2284 1339 2349 undis,
1380 2281 1560 2334 Litore

538 2378 623 2429 vel
670 2384 897 2445 quantas
937 2368 1177 2418 convenit
1210 2363 1399 2416 fluctus
1437 2380 1558 2414 are·

539 2475 637 2511 nas
656 2496 670 2519 ,
687 2453 791 2507 Vel
816 2446 1026 2521 quantis
1050 2444 1248 2498 stillant
1284 2440 1561 2495 humentia

486 2574 511 2589 κ
540 2534 723 2590 nubila
774 2528 939 2603 guttis
957 2552 997 2579 n.
1050 2526 1283 2581 sounm.
1334 2520 1562 2575 Videtur

540 2612 757 2669 Schrad.
783 2606 915 2663 nihil
940 2604 996 2658 in
1023 2615 1170 2658 textu
1196 2602 1354 2654 fuisse
1382 2612 1560 2653 muta-

537 2682 1329 2749 turua.W.-Versamrhabent
1346 2698 1562 2753 quoque

541 2776 704 2845 Cusp.
726 2782 779 2824 et
799 2765 967 2819 Hude.
987 2763 1081 2817 sed
1100 2776 1324 2815 ver-secm-
1340 2769 1563 2833 poscunt

538 2848 883 2927 praecedentia
922 2849 1185 2897 Cumnmr
1222 2852 1272 2895 et
1302 2841 1558 2910 proferat,

539 2933 699 3005 idque
718 2930 877 2983 etiam
896 2919 1214 2998 posuitVad.
1226 2920 1562 2974 Recentiores

538 3029 714 3068 tamen
742 3020 985 3061 verr-amr.

612 3085 733 3152 817.
758 3078 983 3132 camnine
1016 3091 1150 3125 nunc
1174 3074 1346 3123 Asiam
1372 3070 1566 3137 fonnee

544 3169 711 3231 sylus,
729 3160 787 3211 h.
807 3176 853 3211 e.
876 3156 1107 3209 formam
1121 3150 1254 3203 Asia
1280 3148 1561 3202 describat.

543 3246 629 3297 Sic
663 3260 711 3293 v.
756 3236 925 3291 1²50:
958 3232 1103 3283 «Has
1148 3245 1366 3302 quoque
1409 3226 1564 3279 Musa
1608 3241 1614 3251 ·

541 3324 659 3377 tibi,
682 3313 927 3372 formabit
967 3310 1203 3365 carmine
1244 3318 1411 3361 terras
1429 3332 1470 3357 n.
1496 3306 1566 3359 Et

542 3422 617 3457 vs.
647 3397 805 3462 104⁵:
848 3392 1021 3447 «Hinc
1045 3388 1209 3444 solers
1224 3387 1399 3439 Asiam
1426 3384 1566 3439 facili

548 3497 677 3551 cape
727 3473 966 3529 carmine
1021 3482 1204 3523 totam.
1255 3466 1443 3520 Forma
1496 3466 1566 3519 sit

545 3560 702 3629 hujus
728 3553 871 3608 enim
907 3552 1024 3605 talla
1048 3549 1200 3604 tibi·-
1218 3547 1317 3601 W.

618 3638 650 3690 8
660 3653 679 3688 t
688 3638 737 3689 8.
758 3640 927 3685 luem
937 3634 1147 3691 doceant,
1163 3630 1349 3687 Pluoebe,
1364 3629 1564 3691 chelyn!

546 3721 655 3769 totis
707 3715 930 3766 Helicon.
984 3708 1098 3761 Hoc
1146 3706 1564 3760 additamentum

549 3809 626 3851 est
669 3792 869 3846 Avieni.
932 3788 1204 3843 simillima
1266 3786 1379 3838 loca
1442 3797 1564 3838 sunt

547 3897 601 3929 v.
633 3878 753 3944 257,
788 3884 841 3926 et
878 3870 1055 3922 Phaen.
1076 3887 1127 3920 v.
1148 3868 1244 3939 75,
1262 3865 1349 3919 ubi
1375 3864 1564 3917 eadem

546 3954 707 4009 verba
732 3952 997 4022 leguntur.
1020 3948 1199 4019 Nugas
1237 3944 1347 4016 agit
1382 3943 1562 3997 Barth.

547 4034 679 4087 Λᾶν.
712 4030 885 4085 XLVI
908 4070 923 4093 ,
953 4031 1011 4081 16
1031 4069 1046 4093 ‚
1068 4046 1119 4098 p.
1147 4026 1281 4092 2159
1301 4065 1315 4090 ,
1340 4024 1427 4076 ubi
1452 4024 1562 4077 He·

544 4118 769 4169 liconem
816 4107 961 4162 idem
1009 4124 1123 4161 esse
1170 4122 1363 4158 numen
1380 4144 1395 4169 ,
1417 4102 1565 4176 quod

1641 1723 1715 1776 illi
1756 1720 2032 1794 longitudo
2046 1758 2063 1785 ,
2102 1730 2232 1772 teste
2255 1717 2410 1770 Cluv.
2433 1718 2570 1770 Intr.
2593 1713 2661 1766 G.

1640 1807 1710 1866 V,
1731 1824 1781 1870 1,
1811 1803 1944 1856 mill.
1969 1802 2150 1855 Germ.
2178 1800 2338 1865 1300,
2359 1810 2410 1851 et
2436 1795 2664 1850 latitudo

1645 1883 1950 1937 milliarium
1979 1882 2128 1934 1230.
2152 1879 2258 1932 En.

1715 1967 1837 2017 821.
1858 1969 1968 2032 Qua
2012 1963 2190 2030 cespite
2223 1976 2408 2013 omnes
2445 1967 2663 2011 vetusto

1641 2043 1922 2108 exhihent3
1962 2061 2077 2110 qua·
2109 2045 2288 2108 cespite
2315 2037 2485 2092 Huds.
2518 2035 2668 2088 indu-

1643 2123 1734 2176 xit.
1765 2153 1830 2162 —
1854 2120 2083 2192 Vulgata
2127 2119 2286 2172 lectio
2323 2137 2427 2187 qua
2471 2115 2664 2170 tuenda

1644 2214 1721 2255 est
1745 2201 1994 2255 adversus
2017 2199 2355 2254 Hudsonum.
2383 2199 2522 2250 Nam
2547 2197 2666 2249 haec

1625 2281 1722 2334 'est
1747 2282 2032 2335 sententia:
2056 2281 2178 2336 Asia
2204 2277 2372 2351 tangit
2397 2279 2666 2349 Europam

1646 2374 1698 2414 et
1711 2362 1940 2415 Africam
1960 2380 1974 2416 :
1997 2381 2099 2431 qua
2121 2364 2270 2434 parte
2289 2358 2344 2411 id
2363 2358 2422 2410 fit
2437 2398 2452 2424 ,
2471 2358 2668 2410 vastius

1647 2453 1724 2515 est
1765 2442 1898 2494 Asin
1952 2438 2293 2511 caput...inde
2341 2435 2669 2491 contrahitur

1646 2539 1832 2575 versus
1858 2521 2152 2574 Orientem.
2179 2520 2339 2573 Scan.
2363 2517 2450 2569 Sic
2473 2515 2669 2568 Schra-

1647 2599 1805 2653 derus
1828 2600 2097 2672 vulgatam
2132 2598 2410 2651 lectionem
2438 2615 2540 2664 qua
2565 2593 2666 2647 de-

1646 2677 1819 2733 fendit
1862 2698 1931 2732 ex
1976 2697 2038 2731 ea
2081 2678 2285 2731 ratione
2299 2714 2315 2739 ,
2336 2674 2480 2748 quod
2507 2674 2670 2728 verba

1648 2778 1751 2828 qua
1798 2761 2015 2827 protegit
2072 2760 2244 2809 ambas
2305 2752 2668 2809 connectenda

1647 2851 1798 2910 putat
1840 2856 1962 2891 cum
2003 2837 2345 2909 sequentibus
2373 2838 2564 2905 Vestitu
2597 2849 2672 2885 ese

1650 2921 1788 2969 Asia
1814 2930 1978 2987 caput.
2006 2918 2075 2968 At
2111 2916 2243 2969 mihi
2273 2914 2418 2967 aliud
2447 2914 2668 2966 videtur.

1649 2997 1922 3050 Per-tinent
1947 2995 2166 3049 omnino
2190 2994 2259 3049 ad
2281 2992 2631 3067 praecedentia
2652 3010 2668 3044 :

1644 3076 1938 3129 Terrarum
1962 3073 2188 3129 duarum
2203 3074 2450 3145 (Europae
2467 3085 2520 3125 et
2532 3073 2672 3125 Afri-

1649 3157 1753 3222 co)
1772 3172 1976 3207 summa
2000 3155 2160 3207 unius
2181 3151 2672 3223 illius(Aoiae)1imi-

1649 3247 1756 3288 tem
1802 3232 1965 3287 efficit
1979 3276 1994 3300 ‚
2042 3250 2160 3305 quo
2204 3232 2397 3304 cespite
2443 3232 2672 3303 protegit

1650 3314 1849 3367 ambas.
1902 3311 2299 3366 connexionem
2350 3330 2465 3364 eam
2516 3308 2673 3363 docet

1650 3393 1798 3445 locus
1813 3392 2048 3465 ejusdem
2071 3391 2339 3445 sententiae
2354 3408 2429 3443 vs.
2448 3389 2536 3453 25,
2555 3408 2670 3460 seq.

1652 3498 1678 3517 κ
1694 3472 1906 3537 ambas(
1921 3472 2188 3543 Europam
2205 3481 2258 3523 et
2278 3468 2540 3535 Africam)
2553 3468 2674 3520 Una

1651 3550 1773 3602 Asia
1789 3590 1804 3615 ,
1831 3550 2094 3604 inclinans
2136 3549 2358 3621 geminis
2403 3567 2459 3601 se
2499 3547 2676 3601 corni-

1651 3628 1778 3696 bus,
1797 3642 1948 3700 urget
1965 3631 2221 3701 Desuper,
2242 3648 2306 3682 ac
2325 3628 2470 3701 rupti
2489 3626 2676 3681 divor·

1651 3708 1726 3761 tia
1755 3710 1988 3763 continet
2019 3711 2161 3763 orbis
2171 3737 2210 3763 a.
2235 3710 2375 3763 Hinc
2399 3728 2508 3763 non
2533 3708 2676 3780 diffi-

1653 3797 1789 3853 teor,
1813 3788 1879 3841 ad
1909 3788 2308 3861 intelligendam
2335 3808 2454 3843 eam
2481 3807 2676 3843 conne-

1653 3872 1860 3924 xionem
1881 3868 2048 3922 Huds.
2062 3868 2342 3923 lectionem
2360 3868 2490 3922 mihi
2507 3869 2676 3942 aptio-

1651 3970 1766 4006 rem
1809 3949 2005 4015 videri,
2043 3966 2206 4020 quam
2248 3950 2533 4020 vulgatam.
2573 3948 2675 4001 W.

1722 4030 1842 4083 822.
1865 4032 2061 4079 Vastieas
2079 4042 2154 4081 est
2164 4031 2302 4080 Asioe
2317 4028 2451 4082 Ven.
2467 4038 2520 4079 et
2537 4026 2676 4079 Pith'.

1659 4111 1852 4161 Veianius
1865 4122 1910 4159 σε
1918 4107 2080 4181 Cusp.
2089 4106 2192 4161 Sed
2205 4106 2422 4162 Camers
2433 4106 2501 4159 ad
2513 4106 2676 4161 Prisc.
