2996 4685
788 370 1414 441 DESCRIPTIO
1463 373 1761 442 ORBIS
1810 374 2185 442 TERRAE.

516 496 882 561 Secernens
923 490 1237 587 Libyam3
1275 493 1617 563 redeuntis
1652 492 1813 564 solis
1857 494 1940 563 ab
1976 509 2131 563 ortu

2418 373 2550 469 ¹69

2474 518 2554 561 3⁵0

517 603 926 698 Disjungens
964 603 1134 673 Asiae
1175 602 1396 673 medio
1433 604 1723 673 confinia
1762 605 1995 675 fluctu.

514 714 659 783 Nec
703 713 934 809 procul
976 712 1094 783 illa
1126 714 1342 783 virum
1385 738 1549 809 gens
1590 715 1855 801 incolit,
1892 715 2129 784 axibus
2166 713 2325 782 olim

515 824 686 911 Quae
727 826 916 917 prior
947 825 1282 895 humanas
1319 824 1494 921 leges
1532 841 1601 895 et
1638 828 1793 921 jura
1834 828 2121 909 notavit,

513 936 806 1006 Vomere
850 960 997 1028 quae
1041 936 1244 1019 duro,
1279 962 1430 1031 quae
1463 935 1647 1033 longi
1688 938 1986 1032 pondere
2026 938 2229 1007 aratri

465 1050 481 1065 ‘
515 1042 910 1114 Sollicitavit
948 1046 1262 1135 humum,
1299 1072 1447 1142 quae
1479 1047 1654 1117 fetus
1688 1046 1883 1116 edere
1922 1046 2121 1117 sulcis
2474 1070 2551 1110 ³⁵⁵

413 1275 486 1348 ὀς
503 1288 564 1359 ῥά
576 1308 630 1341 τι
645 1292 730 1344 καὶ
743 1290 920 1351 Διὸὑης
931 1292 1266 1364 ἀποτέμνεται
1274 1284 1442 1345 Leiria

414 1370 582 1437 γαῖαν·
629 1366 798 1420 Scan.
825 1398 894 1409 --
921 1368 1244 1423 Solu-ederus
1281 1370 1441 1422 malit

415 1448 514 1497 Hic
533 1449 658 1497 Asia
685 1451 888 1513 Libyam
912 1451 1236 1501 disterminat.
1262 1449 1438 1515 Quam

416 1534 590 1578 tamen
617 1527 995 1595 mutationem,
1018 1548 1212 1581 nexum
1239 1541 1293 1582 et
1317 1546 1438 1582 sen-

415 1604 630 1657 tentiam
655 1608 912 1661 orationis
939 1610 1060 1663 satis
1087 1608 1438 1681 perpendens,

413 1700 524 1735 non
548 1681 814 1739 desidero.

489 1762 610 1815 350.
637 1764 741 1817 Pro
769 1769 886 1817 solis
925 1770 994 1817 ab
1031 1782 1141 1819 ortu
1177 1764 1440 1819 Schrade-

417 1856 508 1891 ται
532 1842 764 1895 tentabat
789 1858 846 1895 ae
871 1860 980 1896 ortu
994 1884 1010 1907 ,
1043 1857 1103 1899 ut
1130 1866 1230 1896 aare
1255 1848 1444 1897 Favoni

417 1922 676 1971 δοσιν-ποις
707 1924 924 1989 Libyam.

492 1987 613 2041 352.
642 1996 844 2043 Actibus
869 1998 986 2046 olim
1014 1994 1179 2048 edidit
1212 1995 1444 2049 Pithoeus

418 2084 542 2119 cum
582 2069 719 2123 Ven.
774 2090 934 2143 quem
984 2074 1222 2147 sequitur
1271 2074 1442 2129 Huds.

417 2149 606 2199 arcibus
621 2148 884 2205 dederunt
899 2154 1059 2226 Cusp.
1077 2168 1129 2209 et
1142 2155 1279 2209 Vad.
1295 2156 1442 2229 qnod

415 2226 570 2279 etiam
591 2231 822 2302 conjecit
843 2232 1011 2287 Huds.
1030 2234 1242 2289 admisit
1256 2236 1444 2289 Schra-

417 2301 580 2360 derns
597 2349 611 2374 ,
640 2307 734 2362 sed
773 2309 1114 2368 Burmannus
1142 2313 1445 2371 emendavit

416 2391 604 2440 actibus
657 2394 776 2442 olim
831 2397 952 2458 Qua·
995 2397 1140 2462 prior
1198 2398 1441 2448 humanis.

417 2495 486 2504 ——
530 2472 734 2520 Actibus
775 2475 892 2522 olim
933 2477 1059 2539 Qua
1093 2478 1238 2542 prior
1270 2478 1442 2526 heema-

415 2565 507 2596 πω·
527 2551 654 2614 leges
676 2565 726 2601 ee
735 2553 860 2619 jura
881 2557 1087 2606 nonsit.
1113 2557 1194 2607 An
1217 2558 1442 2606 artibus?

417 2625 586 2681 Hune.
629 2629 766 2684 forte
803 2635 1002 2685 artibus.
1019 2634 1212 2688 Wrrn.
1241 2637 1441 2686 Actibus

417 2711 534 2760 olim
561 2712 684 2774 Qua
699 2713 845 2778 prior
865 2714 1090 2764 humanis
1109 2715 1236 2782 leges
1256 2727 1306 2764 ee
1318 2717 1440 2782 jum

415 2791 605 2841 notavit
639 2788 714 2842 ita
759 2789 1040 2861 legendum
1071 2811 1134 2843 ex
1159 2794 1322 2846 veteri
1347 2811 1440 2845 co-

415 2865 533 2921 diee
554 2887 568 2921 ε
607 2887 886 2939 perperam
928 2869 1130 2941 vulgati
1173 2875 1436 2926 humanas.

414 2946 601 3001 Banu.
621 2947 688 3001 ad
717 2947 880 3002 Ovid.
899 2949 1024 3004 Met.
1053 2951 1157 3004 v11
1175 2989 1192 3016 ,
1215 2952 1298 3005 58.
1335 2953 1440 3005 Pro

413 3030 602 3080 notavit
615 3028 750 3080 forte
767 3032 976 3097 rogavit.
997 3031 1212 3084 Confer.
1227 3033 1440 3086 Lucret.

413 3106 530 3171 vl,
581 3107 649 3170 33
695 3108 876 3164 Manil.
925 3110 1000 3163 11.
1059 3129 1138 3180 ¹9·
1188 3113 1440 3166 Similiter

413 3183 596 3238 With.
637 3204 837 3241 encaen.
879 3209 933 3262 p.
979 3191 1098 3254 445.
1137 3192 1300 3246 Scan.
1332 3191 1438 3246 Sed

413 3261 498 3314 his
532 3267 846 3330 conjecturis
885 3269 1126 3322 nondum
1157 3272 1438 3343 castigatus

413 3352 491 3395 est
510 3341 674 3396 locus.
699 3343 767 3396 Et
792 3347 958 3398 miror
973 3348 1096 3400 viris
1121 3351 1438 3404 acutissimis

412 3439 522 3474 non
557 3422 612 3475 in
649 3434 882 3476 mentem
905 3427 1109 3479 venisse
1126 3465 1142 3490 ,
1165 3429 1310 3501 quod
1337 3431 1437 3482 ob·

415 3501 562 3555 vium
587 3515 713 3556 erat.
732 3504 936 3574 Nempe
956 3504 1242 3577 legendum
1259 3513 1440 3561 axibus

411 3585 528 3634 olim
549 3587 672 3650 Quoe
697 3587 846 3652 prior
863 3586 1109 3636 lamnam
1145 3591 1272 3656 leges
1301 3606 1350 3641 ee
1360 3595 1442 3658 ju-

413 3682 474 3714 ra
489 3668 692 3718 notavit.
704 3665 842 3717 Axes
861 3679 984 3718 sunt
1001 3666 1194 3720 tabulae
1219 3670 1441 3738 sectiles,

415 3754 474 3794 ut
495 3744 726 3815 explicat
742 3744 927 3815 Pomp.
945 3745 1145 3800 Festus.
1165 3747 1232 3801 Et
1245 3749 1438 3802 talibus

411 3821 596 3874 axibus
621 3823 762 3895 leges
795 3823 1172 3879 incidebantur
1206 3829 1438 3900 antiqui-

414 3916 519 3954 tus.
555 3899 760 3956 Gellius
777 3944 792 3970 ,
813 3904 908 3958 lib.
948 3907 1029 3973 ΙΙ,
1049 3925 1166 3977 cap.
1209 3925 1270 3960 ω
1294 3925 1306 3959 :
1331 3934 1356 3954 α
1374 3909 1438 3960 In

411 3979 615 4051 legibus
654 3981 860 4037 Solonis
897 3984 1000 4038 illis
1025 3987 1402 4058 antiquissimis
1419 4026 1435 4053 ‚

409 4077 528 4130 quse
546 4059 764 4112 Athenis
801 4063 986 4117 axibus
1030 4064 1218 4136 ligneis
1239 4065 1438 4119 ,ineisa

411 4152 568 4209 sunt,
593 4152 693 4194 etc.
715 4165 738 4186 υ
769 4139 924 4196 Idem
957 4143 1218 4216 significat
1250 4145 1434 4200 Horat.

1528 1284 1640 1334 Art.
1665 1281 1807 1335 Poet.
1830 1282 1959 1353 399:
1984 1307 2009 1328 α
2024 1280 2144 1332 Fuit
2160 1280 2277 1333 hoc
2296 1279 2553 1351 sapientia

1528 1360 1799 1433 qnondam
1813 1402 1829 1427 ,
1852 1401 1866 1413 .
1888 1398 1900 1412 .
1923 1358 2161 1432 .Oppida
2182 1359 2393 1424 moliri,
2414 1358 2555 1429 leges

1526 1440 1762 1495 incidere
1795 1441 1941 1513 ligno
1962 1466 2004 1491 ι.
2032 1440 2154 1493 Jam
2190 1442 2370 1491 axibus
2406 1438 2564 1491 resti·

1527 1521 1684 1588 tutis,
1702 1540 1883 1591 rogare
1902 1538 2016 1572 non
2038 1520 2219 1572 locum
2245 1517 2427 1582 habet,
2458 1514 2554 1569 sed

1526 1599 1861 1654 retinendum
1888 1602 2091 1651 notavit.
2114 1598 2247 1649 Nam
2274 1611 2450 1648 notare
2475 1605 2554 1648 est

1526 1679 1757 1733 scribere
1793 1679 1871 1731 vel
1917 1676 2168 1731 incidere.
2214 1674 2341 1727 Vid.
2389 1672 2552 1727 Ovid.

1526 1757 1653 1811 Her.
1677 1760 1750 1824 V,
1793 1776 1856 1811 υ
1885 1756 2172 1829 3Calpurn.
2212 1756 2240 1807 1
2259 1795 2275 1821 ,
2300 1772 2360 1807 αι
2386 1794 2401 1820 ,
2430 1753 2515 1805 111
2535 1791 2552 1819 ,

1530 1836 1613 1899 43.
1636 1836 1775 1890 Wd.

1602 1916 1720 1979 354.
1744 1917 1915 1968 Verba
1938 1934 2139 1967 ‘immet-e
2164 1918 2288 1965 duro
2328 1924 2381 1966 et
2421 1915 2555 1979 longi

1531 1998 1693 2046 aratri
1730 1995 2071 2049 illustrabunt
2110 1994 2299 2046 similia
2332 1992 2552 2044 aliorum

1532 2075 1757 2139 loea,ut
1782 2076 1911 2129 Hor.
1930 2076 2095 2129 Serm.
2123 2076 2150 2127 1
2172 2112 2187 2138 ,
2217 2094 2238 2127 1
2260 2071 2557 2137 ,28:«1110

1529 2172 1739 2225 gravem
1764 2154 1903 2207 duro
1928 2166 2122 2208 terram
2146 2153 2239 2225 qui
2260 2152 2416 2205 vertit
2440 2168 2555 2204 arn-

1530 2244 1615 2285 tro
1632 2253 1685 2300 »3
1713 2234 1868 2307 Virg.
1890 2233 2084 2305 Geor-g.
2111 2233 2159 2299 1,
2179 2234 2295 2297 162,
2313 2232 2405 2303 qui
2430 2255 2452 2277 ι
2472 2230 2555 2283 in-

1528 2310 1647 2366 flexi
1678 2332 1839 2386 grave
1868 2314 2032 2366 robur
2058 2311 2255 2366 aratri·
2295 2310 2554 2378 nominat,

1528 2393 1800 2464 quomodo
1839 2407 1892 2446 et
1910 2394 2029 2445 val.
2066 2393 2206 2446 Flac.
2244 2391 2386 2456 vlt,
2421 2389 2555 2453 555,

1528 2473 1720 2526 Avieni
1752 2475 1915 2545 ipsius
1947 2493 1999 2526 v.
2024 2491 2155 2542 170,
2177 2470 2436 2542 Propertii
2470 2469 2525 2521 11
2542 2509 2558 2536 ,

1534 2555 1619 2619 25,
1646 2560 1730 2624 47,
1754 2552 1947 2606 Claud.
1976 2553 2099 2604 Rus.
2130 2552 2185 2618 Ι,
2215 2569 2333 2603 202.
2353 2549 2557 2602 Vereor

1527 2642 1735 2698 tamen,
1762 2651 1830 2685 ne
1868 2633 2027 2685 Poeta
2062 2629 2452 2684 inconsiderate
2476 2629 2556 2682 lo·

1528 2723 1725 2782 quotus
1744 2712 1811 2764 sit
1829 2733 1843 2764 :
1859 2712 1915 2764 in
1936 2710 2082 2763 molli
2102 2711 2241 2762 enim
2265 2709 2379 2762 solo
2396 2712 2563 2782 AEgy·

1528 2791 1641 2861 ptio
1668 2795 1793 2842 levia
1814 2803 1991 2843 aratra
2012 2789 2361 2842 sufficiebant.
2383 2789 2549 2842 seua.

1601 2869 1720 2923 355.
1744 2871 2032 2923 Sollicitavit
2051 2871 2267 2920 humum.
2292 2868 2379 2920 Sic
2402 2867 2556 2939 Virg.

1526 2948 1725 3020 Georg.
1763 2951 1849 3016 11,
1894 2935 2111 3001 vs.'503
2143 2963 2157 2999 :
2209 2973 2234 2993 α
2268 2945 2555 3000 sollicitant

1526 3029 1615 3083 alii
1670 3030 1829 3083 remis
1876 3029 2007 3082 freta
2052 3045 2187 3081 caeca
2212 3052 2234 3073 -
2251 3067 2262 3079 .
2304 3027 2409 3080 En.
2472 3059 2545 3068 -

1531 3114 1653 3174 Quoe
1702 3113 1841 3161 rectis
1892 3111 2079 3159 coedere
2122 3111 2268 3160 sulcis
2322 3111 2557 3160 Tellurem

1525 3191 1709 3240 docuit.
1753 3187 1996 3240 Heinsius
2039 3186 2167 3257 legit
2190 3206 2205 3239 z
2263 3205 2375 3254 quoe
2394 3187 2553 3253 soeeus

1526 3270 1671 3318 edere
1703 3271 1863 3320 sulcis.
1904 3271 2073 3318 linus.
2114 3297 2187 3306 -
2227 3265 2327 3317 Hic
2362 3283 2555 3336 nempe

1526 3345 1593 3400 sd
1620 3347 1784 3400 ovid.
1810 3347 1951 3398 Fast.
1980 3345 2037 3410 Ι,
2060 3343 2157 3398 351
2179 3385 2195 3410 ,
2218 3345 2288 3396 ita
2320 3345 2553 3397 scriben-

1526 3425 1658 3478 dum
1698 3443 1759 3478 ex
1794 3425 1955 3476 veteri
1990 3423 2129 3474 libro
2166 3423 2557 3478 Mediolanensi

1521 3505 1755 3578 judicat,
1798 3503 1899 3556 nisi
1941 3502 2105 3554 mavis
2150 3507 2345 3555 eredere
2388 3510 2549 3560 sulcis.

1531 3587 1737 3637 Veneta
1771 3583 1931 3635 habet
1958 3599 2117 3644 secus,
2146 3582 2289 3636 unde
2315 3583 2549 3638 Pithoeus

1532 3664 1655 3718 fecit
1688 3667 1863 3715 rectit.-
1884 3663 2035 3732 cujus
2062 3665 2402 3717 correctionis
2430 3665 2552 3717 fun-

1530 3742 1631 3796 dus
1652 3743 1806 3794 Dion.
1834 3762 1883 3795 v.
1914 3743 2015 3796 235
2030 3783 2045 3808 ‚
2063 3749 2293 3806 ἰθυτάτης
2312 3748 2549 3808 αὕλακος,

1528 3821 1699 3874 collat.
1724 3821 1941 3876 Hesiod.
1960 3824 2123 3897 Oper.
2151 3837 2205 3878 et
2231 3825 2368 3877 Dier.
2406 3824 2549 3890 4433

1526 3903 1757 3955 Theocr.
1778 3903 1831 3954 X
1846 3943 1862 3970 ,
1880 3923 1927 3956 α.
1950 3905 2151 3958 Plinius
2173 3943 2187 3968 ,
2208 3905 2423 3970 XVIII,
2450 3921 2547 3970 19:

1530 4008 1555 4028 α
1582 3983 1755 4034 Omne
1792 4001 1982 4036 arvum
2016 3986 2172 4039 rectis
2199 3984 2388 4049 sulcis,
2430 3999 2551 4034 mox

1528 4072 1579 4113 et
1605 4057 1836 4134 obliquis
1874 4063 2051 4134 subigi
2088 4063 2306 4117 debet».
2340 4060 2443 4114 Sed
2479 4061 2551 4112 ita

1528 4139 1609 4193 bis
1632 4153 1775 4194 terve
1804 4139 1945 4194 idem
1978 4141 2085 4196 dici
2101 4180 2117 4207 ,
2136 4153 2187 4198 et
2204 4139 2379 4194 omitti
2401 4137 2551 4191 vide-
