2996 4685
832 389 961 456 DE
1008 387 1356 456 AV1EN¹1
1406 387 1612 454 ORA
1666 387 2010 456 MARIT.
2341 391 2470 474 401

356 521 563 584 Flacc.
604 534 671 582 et
700 517 969 582 Anthol.
1000 519 1135 582 Lat.
1170 517 1405 606 passim
1442 514 1524 580 de
1547 516 1705 580 locis
1734 518 1880 581 Oroe
1907 515 2240 582 maritimoe
2259 516 2487 607 depra-

354 627 515 692 vatis
544 625 645 690 vel
666 624 959 690 obscuris
978 639 1397 688 monuerunt.
1427 623 1594 686 Sunt
1619 623 1686 687 in
1709 622 1810 687 his
1830 622 2176 689 doctorum
2195 623 2484 690 virorum

355 729 1021 796 animadversionibus
1066 729 1287 792 multae
1301 776 1320 808 ,
1357 750 1502 815 quse
1537 749 1640 790 res
1679 728 2134 817 geographicas
2173 746 2484 818 spectant.

340 833 536 919 'Quas
577 834 843 925 quidem
888 834 971 899 ad
1015 833 1464 898 declarandam
1504 833 1801 898 locorum
1846 833 2172 916 notitiam,
2219 851 2384 922 quot
2425 852 2490 901 et

354 942 577 1031 quales
608 941 1026 1029 reperissem,
1060 939 1269 1006 libens
1300 937 1606 1028 adposui,
1645 960 1720 1002 ea
1754 954 1969 1002 tamen
2003 962 2154 1004 cum
2192 939 2488 1008 modera-

353 1048 565 1130 tione,
599 1062 675 1111 ut
702 1069 915 1134 neque
939 1045 1367 1111 examinarem
1394 1043 1694 1126 sollicite,
1727 1066 1872 1133 quae
1897 1046 2066 1110 forte
2097 1046 2164 1110 in
2190 1046 2266 1110 iis
2291 1045 2490 1114 dubia

351 1153 553 1220 videri
600 1169 897 1244 possent,
936 1175 1151 1243 neque
1184 1154 1319 1243 ipse
1364 1153 1433 1217 in
1474 1151 1611 1216 aliis
1646 1151 1876 1216 Avieni
1906 1152 2066 1218 loeis
2111 1154 2311 1218 multa
2352 1155 2489 1235 ejus

354 1260 608 1352 generis
636 1281 969 1324 monerem
988 1306 1007 1340 ,
1036 1259 1159 1324 nisi
1188 1281 1331 1347 quse
1364 1260 1433 1323 in
1461 1258 1675 1322 subita
1703 1257 2122 1325 adnotatione
2153 1281 2270 1326 sua
2290 1263 2488 1326 veluti

353 1365 587 1457 sponte
631 1363 755 1430 sub
808 1365 1049 1454 stylum
1104 1364 1450 1429 venissent.
1496 1364 1731 1451 Neque
1789 1363 1962 1428 enim
2012 1365 2486 1456 Geographiam

353 1487 635 1538 veterem
672 1493 790 1560 per
820 1471 1047 1536 Avieni
1080 1469 1530 1535 recensionem
1557 1467 1791 1534 docere
1813 1469 2066 1534 animus
2089 1471 2244 1553 fuit,
2277 1495 2494 1561 neque

352 1579 421 1644 id
464 1579 567 1644 vel
606 1579 733 1643 loci
774 1577 1343 1666 adnotationisque
1397 1577 1727 1665 angustia,
1778 1576 1880 1640 vel
1932 1599 2150 1643 rerum
2203 1578 2490 1668 ipsarum

354 1684 662 1766 obscura,
714 1700 778 1748 et
827 1700 1207 1748 caeterorum
1259 1681 1554 1746 notitiam
1606 1681 2124 1771 geographorum
2175 1684 2490 1750 excedens

354 1790 703 1878 antiquitas
720 1789 1137 1878 permittebat
1150 1837 1167 1871 ,
1186 1804 1271 1872 et,
1290 1789 1345 1852 si
1362 1789 1468 1854 vel
1482 1787 1760 1853 maxime
1778 1787 1906 1851 hoc
1918 1811 2104 1878 agere
2115 1789 2491 1873 voluissem,

354 1917 627 1984 operosa
672 1893 753 1960 de
784 1894 981 1960 rebus
1020 1896 1211 1984 plane
1246 1894 1461 1959 dubiis
1484 1880 1896 1982 disquisitio,
1933 1915 2126 1981 quam
2161 1895 2267 1959 alii
2307 1896 2488 1960 refu-

352 2002 595 2092 gissent
624 2001 1009 2090 interpretes
1025 2049 1044 2082 ,
1078 2023 1225 2065 raro
1252 2016 1391 2066 erat
1414 2021 1785 2064 successum
1813 2022 2140 2088 usumque
2165 2000 2486 2068 habitura.

352 2109 507 2172 Haec
552 2129 731 2172 nunc
776 2103 1058 2196 profiteri
1104 2106 1314 2188 volui,
1366 2113 1483 2186 ne',
1537 2106 1650 2194 qui
1697 2128 1801 2171 me
1843 2107 2028 2194 plura
2077 2107 2371 2196 gentium
2419 2125 2486 2174 et

348 2214 648 2278 locorum
676 2213 970 2296 nomina,
1001 2213 1163 2277 situs
1192 2229 1257 2276 et
1280 2211 1477 2293 fines,
1509 2229 1620 2275 aut
1651 2211 1893 2276 intacta
1927 2211 2334 2298 praeteriisse,
2370 2228 2486 2280 aut

348 2319 677 2387 remissius
691 2319 1061 2407 exposuisse
1073 2317 1421 2409 reperiant,
1433 2331 1774 2407 propterea
1786 2315 1947 2381 mihi
1961 2317 2138 2383 litem
2156 2336 2482 2401 moveant,

348 2448 587 2515 meque
624 2426 727 2490 vel
764 2425 1201 2515 negligentiae,
1246 2424 1349 2489 vel
1384 2423 1722 2511 imperitiae
1759 2422 2190 2488 incusandum
2229 2441 2480 2512 putent.

349 2534 668 2597 caeterum
692 2532 885 2595 mein
910 2532 1052 2619 ipso
1078 2530 1381 2595 oerminis
1408 2546 1588 2594 textu
1609 2528 2010 2594 recensendo
2027 2546 2094 2594 et
2111 2530 2485 2621 castigando

350 2658 487 2701 non
535 2634 949 2725 indiligenter
984 2651 1348 2717 versatum,
1388 2633 1800 2723 plurimaque
1855 2632 2124 2713 menda,
2170 2658 2314 2722 quae
2365 2637 2485 2714 viri
2573 2663 2580 2669 ·

350 2742 558 2824 docti,
586 2741 885 2831 superins
912 2740 1261 2822 nominati,
1298 2747 1425 2802 aut'
1444 2738 2047 2803 animadvertissent
2077 2762 2346 2827 parum,
2373 2758 2486 2806 aut

346 2848 587 2913 frustra
612 2862 997 2928 tentassent,
1018 2869 1057 2909 a
1086 2868 1191 2910 me
1226 2844 1477 2909 sublata
1505 2866 1674 2926 esse,
1701 2842 1879 2907 haud
1905 2842 2104 2907 dubie
2132 2842 2492 2935 intelligent

348 2972 413 3021 et
454 2954 857 3035 fatebuntur,
899 2952 1014 3041 qui
1056 2951 1357 3017 adnotata
1412 2971 1556 3013 mea
1600 2949 1809 3038 legere
1855 2963 1920 3012 et
1957 2946 2248 3029 judicare
2295 2973 2484 3040 aequo

348 3062 568 3129 animo
604 3060 847 3125 volent.

434 3165 737 3231 Secundo
772 3166 918 3229 loeo
954 3166 1297 3231 consilium
1332 3182 1503 3247 erat,
1541 3182 1884 3253 postquam
1923 3184 2183 3229 carmen
2217 3162 2303 3229 de
2345 3165 2476 3231 Ora

348 3271 665 3337 maritima
682 3268 1035 3335 studiosius
1052 3272 1459 3361 perlegissem
1473 3320 1492 3351 ,
1509 3269 1592 3333 de
1609 3285 1992 3358 argumento
2016 3268 2152 3348 ejus
2169 3285 2238 3333 et
2253 3291 2468 3337 rerum
2557 3288 2568 3297 ·

348 3376 749 3466 proditarum
774 3376 1005 3441 ordine
1026 3375 1337 3441 disserere
1352 3424 1371 3457 ,
1392 3393 1536 3441 tum
1561 3398 1706 3463 quae
1731 3376 1851 3440 dos
1873 3375 1957 3439 sit
1979 3374 2118 3455 ejus
2137 3375 2472 3458 carminis,

347 3500 414 3548 et
445 3483 623 3572 quod
658 3480 939 3571 pretium
984 3482 1045 3546 ei
1085 3468 1537 3563 statuendum,
1572 3480 1787 3570 paullo
1825 3479 2089 3543 uberius
2125 3501 2466 3567 exponere.

347 3590 477 3655 Sed
506 3588 685 3680 quod
718 3590 899 3678 prius
930 3588 1089 3653 illud
1112 3588 1391 3669 adtinet,
1420 3589 1556 3652 fere
1586 3586 1848 3652 difficile
1870 3603 2002 3668 est,
2037 3600 2286 3651 certum
2318 3612 2468 3655 nar-

344 3698 613 3763 rationis
658 3696 991 3777 ordinem,
1038 3718 1077 3759 a
1112 3694 1387 3760 naturali
1425 3695 1757 3777 locorum,
1797 3716 1942 3782 quae
1980 3711 2468 3778 enumerantur,

344 3805 475 3869 situ
510 3802 755 3868 dietum
784 3803 858 3867 in
894 3826 975 3869 eo
1006 3802 1317 3867 invenire.
1354 3802 1508 3866 Non
1547 3800 1810 3890 quidem
1844 3800 1982 3865 falsi
2014 3800 2288 3893 omnino
2321 3800 2467 3867 fue·

344 3926 503 3975 runt
520 3956 537 3989 ,
568 3908 767 3996 quiin
790 3910 1075 3973 carmine
1098 3932 1211 3989 eo,
1238 3930 1355 3972 seu
1378 3909 1744 3998 fragmento
1770 3907 1988 3995 potius
2011 3907 2228 3997 magni
2254 3908 2468 3995 operis

344 4014 659 4095 instituti,
702 4036 882 4079 oram
920 4014 1303 4079 maritimam
1346 4011 1718 4077 interiorem
1753 4013 2074 4101 Hispaniae
2114 4036 2152 4077 a
2183 4012 2470 4079 Gadibus

344 4120 425 4187 ad
455 4120 795 4187 Massiliam
826 4143 1034 4208 usque
1063 4118 1337 4185 describi
1370 4119 1691 4185 dixerunt.
1731 4118 1858 4185 sed
1897 4119 2152 4183 fallatur
2181 4119 2470 4207 egregie,³

550 4231 631 4296 V.
2029 4222 2182 4325 ,αδ
