2996 4685
494 368 628 467 592

1246 374 1325 439 R.
1376 374 1445 438 F.
1496 374 1850 443 AVIENI

588 497 929 565 Centauro
964 506 1396 586 exsuperant3
1424 516 1660 563 manus
1697 493 1892 563 effert
1927 496 2195 567 dextera
2231 498 2520 594 praedam

584 602 953 689 Silvarum;
995 626 1151 671 nam
1192 602 1409 696 prima
1446 602 1604 673 serae
1643 602 1928 699 vestigia
1966 606 2036 673 in
2069 604 2264 693 ollis,
2519 632 2624 670 ms

594 716 846 783 Arcum
888 736 1031 780 sera
1074 726 1379 797 manent3
1404 718 1588 782 Arcu
1629 712 1951 783 redeunte
1994 738 2114 809 per
2147 716 2420 787 aethram
2587 704 2594 711 ’

591 820 865 894 Protolli
898 820 1263 915 incipiunt;
1302 820 1634 915 reliquum
1669 825 2010 917 Serpentis
2039 842 2108 895 et
2141 842 2326 896 artus

596 929 1107 1027 Anguitenentis
1150 929 1309 997 item
1346 927 1477 997 fert
1512 931 1744 1024 primis
1781 930 2098 1005 fluctibus
2122 939 2360 1006 Arcus.

596 1040 965 1111 Amborum
1002 1037 1249 1133 capita,
1284 1052 1351 1107 et
1385 1036 1640 1133 palmas
1675 1042 1968 1135 geminas
2003 1045 2344 1140 Ophiuchi
2363 1100 2382 1133 ‚

593 1154 693 1221 Ac
730 1151 1014 1245 primam
1052 1146 1233 1219 rutili
1276 1148 1522 1241 spiram
1558 1151 1896 1244 Serpentis
1939 1156 2082 1224 Eoo

590 1261 907 1355 Scorpius
943 1262 1215 1329 Oceano
1252 1282 1533 1352 surgens
1577 1262 1738 1355 agit.
1778 1264 1868 1331 At
1895 1264 2065 1357 pede
2103 1264 2300 1349 Nixi,

596 1373 817 1463 Quem
855 1368 1090 1466 procul
1128 1393 1433 1439 aversum
1468 1393 1731 1464 semper
1765 1369 1919 1441 salis
1953 1370 2161 1443 altera
2191 1374 2500 1459 mittunt,

596 1486 787 1552 Tunc
827 1496 1013 1551 artus
1046 1479 1290 1566 medii,
1328 1492 1471 1548 tum
1510 1494 1782 1573 pectora
1807 1496 1992 1552 vasta
2023 1483 2505 1577 humei-usque,

599 1596 1015 1687 Dexteraque
1050 1589 1361 1661 ulnarum
1396 1590 1694 1683 spumosi
1731 1593 2017 1686 gurgitis
2049 1606 2214 1663 aestu

600 1701 995 1773 Procedunt.
1028 1700 1285 1771 Pariter
1314 1711 1518 1792 caput
1547 1712 1614 1767 et
1639 1724 1882 1769 manus
1921 1700 2129 1773 altera
2159 1725 2362 1795 porro
2380 1754 2400 1787 ,
2529 1726 2630 1764 ms

601 1816 771 1882 Tota
806 1809 1167 1906 Sagittiferi
1198 1833 1407 1903 quum
1436 1808 1704 1878 vibrant
1738 1824 1912 1881 astra
1928 1865 1949 1898 ,
1979 1810 2304 1881 feruntur.

597 1920 1013 1993 Mercurialis
1050 1921 1211 1989 item
1250 1922 1430 2014 Lyra
1456 1917 1784 2008 volvitur3
1813 1918 2078 2016 altaque
2103 1922 2410 2017 Cepheus

600 2034 889 2105 Cardine
922 2028 1272 2103 sustollens
1297 2029 1575 2125 vestigia
1593 2082 1614 2117 ‚
1653 2030 1914 2125 gurgite
1945 2030 2244 2100 nondum

599 2148 883 2216 Pectora
926 2141 1091 2213 iiber
1125 2141 1301 2236 agit,
1332 2140 1449 2211 sed
1483 2156 1758 2236 pectora
1795 2166 2045 2211 mersus
2081 2142 2152 2211 in
2187 2142 2438 2229 undas,
2481 2218 2488 2225 ,

604 2254 905 2325 Plaustra
941 2252 1293 2348 Lycaoniae
1332 2250 1556 2346 pulsat
1589 2250 1758 2346 pede
1799 2250 2082 2347 desuper
2119 2254 2328 2323 Ursae.
2532 2276 2634 2315 12³0

604 2368 935 2457 Tempore
974 2386 1111 2430 non
1156 2359 1290 2430 alio
1325 2363 1553 2455 magni
1591 2361 1793 2431 Canis
1829 2362 2026 2457 ignea
2057 2361 2302 2433 cedunt

607 2472 873 2558 Sidera;
904 2485 1287 2564 protentum
1325 2467 1554 2540 freta
1527 2493 1670 2564 Jam
1710 2471 1944 2566 procul
1983 2472 2238 2543 Oriona

610 2587 993 2652 Hauserunt
1026 2577 1301 2676 pelag03
1334 2593 1478 2650 toto
1507 2583 1730 2676 Lepus
1769 2581 2014 2652 occidit
2046 2597 2260 2668 astro,

608 2683 783 2750 Tum
814 2702 1082 2774 quoque
1118 2692 1184 2748 et
1220 2679 1494 2748 Oceano
1530 2677 1893 2774 fugientem
1933 2680 2146 2750 Sirius
2183 2695 2395 2775 urget.

611 2789 743 2864 Sed
770 2815 907 2860 non
938 2789 1295 2884 Aurigam,
1326 2814 1536 2884 quum
1568 2788 1849 2886 gurgitis
1883 2787 1992 2862 ille
2023 2789 2339 2885 profundi
2535 2817 2638 2858 ωε

516 2971 583 3023 65
604 2985 617 3020 :
657 2991 684 3012 ιι
712 2965 885 3036 Atque
920 2963 1077 3016 aliam
1121 2981 1184 3016 ex
1240 2962 1342 3016 alia
1384 2981 1536 3035 gene-

518 3046 689 3103 rando
704 3043 891 3098 suffice
900 3043 1103 3116 prolem
1118 3067 1162 3096 ι.
1171 3043 1349 3115 Vulgo
1368 3043 1533 3097 male:

522 3153 545 3176 ι
562 3137 738 3180 tamen
763 3123 925 3175 altera
951 3121 1007 3173 in
1036 3119 1195 3173 undis
1216 3120 1463 3174 suffieit..

1621 2965 1806 3036 primi·
1830 2967 2065 3035 gemina·
2087 2963 2358 3039 Ophiuchi
2374 2988 2420 3018 n.
2444 2966 2508 3018 In
2530 2967 2637 3039 pri-

1623 3063 1715 3097 mo
1769 3061 1924 3097 versu
1981 3042 2069 3098 ed.
2121 3044 2242 3100 Ald.
2293 3045 2488 3100 habet:
2527 3050 2638 3100 «At

1625 3139 1790 3196 quum
1825 3141 1944 3177 sera
1977 3137 2272 3189 manent-5
2307 3125 2362 3179 in
2397 3125 2551 3180 tertio
2583 3138 2638 3179 et

594 3203 746 3258 1215.
794 3203 929 3253 Nam
962 3203 1131 3268 prima
1152 3201 1287 3268 fira-
1328 3203 1541 3269 mastigia
1627 3201 1812 3255 ultimo
1837 3206 2024 3271 pritinos
2067 3221 2164 3276 pro
2197 3205 2408 3276 vulgato
2439 3209 2636 3274 primnis,

520 3291 569 3338 in
596 3287 720 3336 ollis.
734 3279 1031 3354 =Ingenioee
1066 3277 1367 3333 emendavit
1399 3279 1534 3334 Gro-

517 3367 655 3420 tius:
684 3370 743 3414 In
771 3365 879 3414 ollis
912 3359 1115 3430 (illis),
1154 3357 1207 3411 id
1234 3370 1334 3426 eet,
1362 3358 1534 3412 mani..

516 3448 615 3500 bus
650 3456 702 3498 et
738 3440 993 3495 membris
1024 3451 1101 3493 est
1134 3439 1287 3492 Fera.
1322 3437 1530 3510 Vulgo:

518 3553 544 3572 ι-
558 3521 767 3595 vestigia
792 3519 970 3573 mollis
996 3541 1019 3564 ι
1033 3556 1048 3569 .

592 3605 747 3656 1216.
786 3605 967 3650 Areum
997 3615 1111 3649 sera
1144 3612 1373 3668 tyanam·
1400 3602 1536 3648 Areu

516 3685 741 3734 redeunte
772 3697 862 3746 per
902 3680 1138 3737 achram,
1188 3687 1285 3728 etc.
1336 3674 1421 3730 Sic
1458 3688 1538 3730 ent

516 3758 795 3834 legendum
818 3771 871 3810 et
890 3754 1385 3828 interpungendum.
1401 3756 1536 3809 Vul-

516 3859 618 3916 go:
666 3841 909 3891 uArcum
942 3855 1058 3890 sera
1098 3846 1347 3889 manent:
1392 3837 1534 3889 Arcu

518 3919 773 3974 redeunte
790 3934 884 3987 per
902 3916 1115 3968 aethram
1136 3915 1357 3968 Protulit
1372 3955 1389 3981 ,
1412 3914 1522 3968 inci

514 4001 669 4072 piunt
702 3995 964 4066 reliquum
1004 3993 1267 4064 Serpentis
1311 4004 1362 4048 et
1388 4006 1533 4047 artus

517 4073 911 4150 Anguitenentis
954 4093 969 4126 z
1016 4073 1143 4124 item
1197 4073 1299 4126 fert
1346 4072 1532 4146 primi·

516 4157 756 4212 fluctibns
775 4155 944 4207 Arene
963 4153 1241 4207 amborum
1278 4153 1449 4225 capita
1476 4162 1530 4206 et

1628 3281 1834 3336 vitiose.

1693 3379 1847 3415 1²21.
1901 3365 2124 3430 Scorpius
2183 3367 2377 3416 Oeeatw
2433 3383 2636 3433 surgens

1620 3441 1758 3509 agit,-
1791 3455 1848 3492 ae
1861 3443 1990 3510 pede
2017 3443 2158 3494 Nixi.
2192 3445 2319 3494 Pede
2354 3445 2517 3496 Nixus
2549 3457 2633 3498 est

1622 3519 1646 3570 ὁ
1665 3521 1712 3571 ἐν
1725 3519 1908 3591 γόνασι.
1927 3519 2136 3592 Vulgo:
2160 3543 2182 3567 ι
2199 3517 2449 3594 Scorpius
2467 3523 2633 3577 Ocea-

1621 3616 1694 3652 no
1708 3615 1928 3671 surgens
1953 3599 2144 3670 agitat:
2170 3599 2304 3672 pede
2323 3600 2447 3654 Nixi
2460 3628 2505 3655 a.

1699 3695 1850 3731 ηπ.
1877 3681 2048 3730 Altera
2090 3681 2292 3734 mittent.
2321 3679 2410 3735 Sic
2451 3699 2634 3735 omnen

1621 3767 1674 3810 et
1697 3756 1812 3829 ipse
1831 3755 1982 3808 Buhl.
2003 3757 2096 3810 sed
2121 3757 2252 3810 mihi
2275 3757 2481 3813 videtur
2507 3760 2630 3814 seri-
2677 3825 2682 3830 ,

1620 3835 1853 3889 bendum
1871 3839 1980 3888 alta
2005 3840 2268 3888 remittunt.
2295 3837 2396 3891 ΕΙ).

1697 3915 1849 3970 1223.
1889 3919 2021 3966 Tune
2041 3931 2178 3968 mus
2211 3920 2380 3980 medii,
2407 3931 2523 3972 nme
2539 3940 2632 3987 pe·

1620 3995 1962 4067 ctera.ango
1983 4010 2102 4048 tum.
2119 3994 2224 4049 Sed
2241 3997 2634 4052 rescribendum
2703 4017 2715 4027 ·

1619 4088 1696 4130 eet
1721 4091 1858 4134 tune,
1886 4077 2132 4146 qnoniam
2159 4091 2277 4128 tane
2297 4079 2576 4150 praecessit.

1691 4155 1841 4210 1235.
1883 4159 2039 4222 Quum
2061 4159 2270 4226 gurgitis
2299 4161 2384 4210 5110
2397 4159 2640 4228 profundi
