2996 4685
794 427 930 496 DE
992 426 1629 499 CARMINIBUS
1690 425 2058 498 AVIENI.
2407 425 2488 497 31

375 557 556 623 Idem
593 557 660 620 in
699 557 916 622 Descr.
951 555 1108 620 Orb.
1139 578 1197 619 v.
1229 551 1396 619 818:
2062 651 2076 680 ι

668 720 1635 739 ............................
1672 653 1849 737 incu‘te
1872 683 2083 738 doctam
2098 726 2115 753 ,

657 773 884 840 Phobe,
905 772 1096 845 chelyn
1119 771 1134 823 Ξ
1160 771 1284 826 totis
1306 771 1531 824 Helicon
1557 769 1793 843 adspiret
1814 771 1883 824 ab
1903 773 2083 828 antris.

381 924 680 989 Conferri
737 923 930 988 etiam
983 937 1201 1011 potest
1251 921 1442 985 initio
1498 920 1817 1009 Descript.
1868 937 2052 987 terrae
2072 971 2090 1004 ,
2117 945 2211 988 vs.
2261 923 2333 1005 6,
2370 945 2505 1014 seq.

381 1031 612 1119 Neque
643 1031 842 1120 igitur
869 1027 1302 1094 dubitandum
1334 1043 1458 1107 est,
1487 1049 1627 1091 esse
1652 1049 1819 1115 opus
1847 1027 2330 1094 Phaenomenon
2356 1030 2515 1112 ejus-

383 1135 532 1200 dem
576 1134 888 1216 auctoris,
919 1133 1103 1214 cujus
1152 1147 1250 1196 est
1289 1131 1483 1195 Orbis
1528 1147 1711 1195 terrae
1746 1147 1812 1196 et
1850 1131 1995 1196 Orae
2033 1134 2367 1198 maritimae
2398 1134 2513 1199 de-
2588 1177 2601 1185 ·

379 1241 646 1329 scriptio
662 1289 681 1323 ,
703 1240 853 1304 licet
875 1239 956 1304 de
986 1239 1116 1303 hoc
1141 1236 1525 1302 subdubitet
1554 1237 1750 1302 Henr.
1778 1239 2219 1330 Cannegieter.
2236 1239 2355 1330 (1).
2380 1242 2515 1324 Qui

383 1369 518 1435 quo
569 1345 770 1434 magis
805 1345 1056 1425 vincat,
1091 1343 1334 1408 fabulas
1385 1345 1507 1423 42,
1550 1364 1693 1430 quae
1741 1341 1940 1407 hodie
1986 1345 2333 1427 habentur,
2378 1370 2515 1411 non

381 1475 518 1518 esse
537 1452 796 1532 Avieni,
814 1452 922 1516 cui
941 1449 1262 1540 Gyraldus
1281 1466 1347 1514 et
1365 1449 1631 1515 Vossius
1652 1450 1944 1515 tribuant
1958 1499 1977 1534 ,
1992 1453 2120 1517 hoc
2136 1470 2517 1542 praestruere

384 1575 449 1624 et
482 1558 864 1624 confirmare
899 1559 1177 1642 laborat,
1207 1560 1425 1648 plures
1450 1559 1733 1624 Avienos
1767 1560 1963 1624 fuisse
1995 1561 2245 1650 scriptis
2278 1563 2481 1628 claros
2498 1611 2516 1645 ,

383 1682 450 1730 et
479 1666 718 1732 frustra
754 1667 946 1730 unius
981 1666 1201 1732 omnia
1232 1665 1478 1730 censeri
1497 1712 1518 1747 ‚
1542 1688 1685 1753 quae
1712 1663 1911 1730 hodie
1940 1666 2073 1748 ejus
2106 1669 2372 1734 nomine
2400 1669 2522 1734 cir-

384 1771 849 1852 cumferantur,
888 1793 1090 1858 seque
1127 1770 1290 1835 adeo
1325 1771 1689 1833 carminum
1734 1769 2331 1860 Geographicorum
2373 1774 2522 1861 qui-

389 1865 540 1942 dem
573 1898 783 1939 unum
811 1891 1142 1940 auctorem
1171 1875 1492 1940 Avienum
1519 1875 1859 1938 admittere
1876 1923 1895 1957 ‚
1917 1875 1999 1941 de
2024 1879 2289 1965 reliquis
2315 1881 2524 1969 operi-

391 1982 514 2045 bus
557 1980 903 2068 ambigere.
937 1978 1064 2044 Sed
1099 1981 1156 2043 si
1191 1981 1700 2070 Cannegieterus
1744 1981 1964 2068 paullo
2010 1998 2158 2070 post
2199 1986 2523 2074 agnoscit,

388 2087 454 2150 in
508 2087 793 2151 carmine
841 2085 922 2150 ad
972 2087 1175 2149 Deam
1216 2085 1277 2151 N
1283 2086 1515 2150 ortiam
1561 2088 1827 2151 Festum
1860 2100 2164 2168 Φαινομένων
2192 2108 2525 2156 auctorem

281 2217 289 2224 ·
385 2191 602 2280 loqui,
631 2207 826 2279 atque
858 2191 968 2256 hic
1003 2190 1241 2255 ibidem
1276 2189 1619 2280 profitetur
1640 2191 1849 2256 multa
1878 2215 1941 2256 se
1970 2196 2259 2258 carmina
2277 2199 2526 2280 sevisse,

387 2295 676 2388 iniquius
727 2319 882 2363 sane
917 2297 1164 2379 judicat
1207 2297 1346 2381 ille,
1382 2295 1646 2387 quando
1678 2299 1931 2365 auctori
1966 2301 2024 2364 ei
2059 2323 2267 2367 unum
2300 2304 2525 2369 saltem

388 2406 518 2471 hoc
568 2428 830 2469 carmen
883 2404 1148 2486 tribuit,
1175 2421 1401 2469 caetera
1447 2404 1658 2469 eidem
1712 2406 1953 2471 tributa
2000 2407 2345 2490 abjudicat.
2380 2413 2529 2477 Alio

391 2513 758 2577 vetustioris
790 2512 992 2577 aetatis
1028 2512 1404 2577 testimonio
1435 2513 1720 2578 Avienus
1755 2530 1984 2579 auctor
2012 2516 2529 2603 confirmaretur,

392 2620 446 2683 si
471 2618 736 2707 quidem
762 2616 920 2682 fides
948 2617 1246 2681 habenda
1273 2634 1442 2683 esset
1468 2616 2151 2708 Pseudo-Luitprando
2173 2622 2241 2685 in
2261 2623 2529 2691 Advers.

337 2723 342 2732 '
393 2727 508 2815 qui
544 2726 790 2791 Rufum
823 2726 1091 2789 Festum
1121 2726 1446 2790 Avienum
1479 2725 1704 2789 scribit
1735 2725 1977 2790 librum
2016 2726 2097 2793 de
2134 2728 2344 2795 Stellis
2383 2734 2529 2797 Fla-

392 2832 586 2897 viano
625 2830 1046 2920 inscripsisse.
1091 2830 1591 2923 Ramiresiusin
1642 2830 1813 2895 notis
1848 2854 1971 2919 pro
2016 2851 2193 2899 certo
2236 2835 2535 2903 adfirmat

394 2938 638 3003 librum
664 2937 745 3002 de
778 2936 986 3002 Stellis
1019 2959 1158 3001 esse
1191 2936 1628 3019 Phaeuomena
1654 2936 1872 3020 Arati,
1900 2938 1981 3003 ab
2010 2942 2259 3005 Avieno
2292 2944 2359 3006 in
2392 2945 2534 3010 lati·

395 3068 560 3108 num
587 3065 953 3108 sermonem
979 3041 1308 3125 traducta,
1345 3057 1649 3106 caeterum
1678 3065 1760 3106 an
1787 3043 1942 3108 huic
1970 3045 2138 3110 libro
2168 3050 2530 3131 conveniat,

397 3149 580 3237 quod
609 3150 700 3213 ait
727 3150 834 3214 ille
853 3198 872 3232 ,
893 3150 1206 3214 Flaviano
1238 3147 1605 3214 dedicatum
1634 3172 1771 3214 esse
1790 3199 1809 3232 ,
1832 3150 1899 3215 id
1928 3174 2214 3240 quaerere
2246 3157 2534 3245 negligit.

396 3254 748 3317 Enimvero
792 3252 992 3318 hodie
1037 3253 1358 3319 habemus
1387 3257 1621 3319 Aratea
1656 3255 2088 3321 Phaenomena
2121 3260 2383 3341 Avieni3
2419 3260 2535 3325 de·

399 3358 738 3423 dicationis
767 3359 1074 3422 Flaviano
1101 3360 1315 3442 factae,
1353 3383 1569 3448 neque
1603 3362 1671 3424 in
1710 3362 1935 3445 titulo,
1976 3386 2188 3451 neque
2228 3366 2355 3430 alio
2388 3368 2537 3431 libri

403 3466 550 3529 loco
574 3463 920 3552 vestigium
954 3465 1329 3554 reperimus.
1367 3464 1494 3529 Sed
1530 3465 1842 3531 nimirum
1876 3467 2031 3531 hine
2062 3469 2331 3559 insignis
2362 3472 2540 3538 falla-

405 3572 502 3635 cia
534 3570 775 3658 pariter
807 3584 1002 3657 atque
1035 3570 1258 3635 inscita
1291 3572 1613 3636 temeritas
1642 3572 1873 3636 falsarii
1902 3574 2230 3663 scriptoris
2255 3577 2540 3668 adparet.

405 3674 724 3741 Fraudem
776 3698 912 3739 esse
958 3676 1372 3762 interpretor,
1407 3676 1589 3764 quod
1634 3678 1856 3741 Avieni
1907 3678 2147 3744 librum
2201 3682 2285 3747 de
2331 3687 2541 3751 stellis

407 3782 625 3871 potius
646 3830 664 3864 ,
693 3803 887 3869 quam
915 3780 1090 3845 Arati
1120 3780 1558 3845 Phaenomena
1582 3781 1901 3871 adpellare
1917 3785 2154 3869 voluit,
2174 3811 2385 3877 eoque
2409 3814 2543 3880 prae

409 3910 476 3951 se
531 3886 732 3969 ferre,
756 3887 940 3975 quasi
985 3885 1161 3951 aliud
1216 3902 1284 3951 et
1335 3886 1663 3952 diversum
1701 3912 1738 3953 a
1770 3892 2043 3980 vulgatis
2075 3894 2301 3958 Avieni
2346 3920 2541 3985 opus,

409 3992 548 4055 aliis
590 3992 994 4081 incognitum
1014 4041 1035 4074 ,
1063 4014 1240 4057 nunc
1292 3993 1542 4080 primus
1590 3995 1894 4083 proferat.
1942 3998 2144 4079 Cujus
2193 4002 2543 4065 commenti

483 4188 562 4255 (1)
597 4184 730 4239 Diu.
756 4182 824 4239 de
853 4198 1000 4239 atate
1030 4200 1083 4243 et
1111 4188 1248 4262 stylo
1277 4188 1358 4243 Fl.
1385 4189 1605 4256 Aviani,
1641 4208 1757 4262 cap.
1780 4212 1828 4244 a.
1860 4192 1869 4197 ’
