2996 4685
527 310 666 383 556

1251 311 1338 376 R.
1393 310 1467 375 F.
1520 307 1893 378 AVIENI

617 434 780 504 Fixa
813 433 1092 502 humero
1120 427 1295 498 clare
1329 427 1733 514 sustollitur3
1758 427 1969 521 ipsius
2004 441 2228 495 autem
2610 449 2693 493 με

617 546 780 614 Fine
819 567 1054 612 manus
1097 564 1333 636 parvas
1373 539 1743 610 Hoedorum
1786 537 2045 632 suspice
2084 536 2421 604 flammas.

618 655 756 744 Qui
797 666 1149 748 postquam
1177 654 1452 721 Oceano
1487 675 1629 719 sese
1666 647 2020 743 expediere
2060 670 2341 728 sonoro,

618 769 804 835 Saeva
843 761 1224 858 procellosis
1258 761 1632 830 immittunt
1669 759 1880 828 flabra
1915 758 2214 842 fluentis»,

618 877 715 943 Ut
749 896 1059 967 spumosa
1103 871 1276 940 truci
1313 868 1662 965 pulsentur
1697 867 1893 938 litora
1934 868 2185 950 fluctu,

617 986 704 1053 Et
727 1007 892 1076 vaga
927 979 1238 1051 caeruleas
1265 978 1607 1049 involvant
1641 1003 1907 1073 aequora
1944 1001 2219 1072 puppes.
2604 1007 2687 1045 υ.

1399 1169 1761 1216 TAURUS.

714 1285 858 1370 Nec
899 1301 1122 1370 minus
1156 1302 1424 1396 Aurigae
1457 1325 1591 1394 qua
1632 1315 1789 1368 sunt
1823 1298 2099 1392 vestigia
2132 1298 2360 1383 curvi,

615 1410 964 1504 Cornigeri
1007 1409 1138 1480 late
1175 1411 1545 1480 tenduntur
1580 1425 1849 1504 pectora
1884 1408 2112 1478 Tauri.

617 1518 764 1588 Illic
799 1536 1080 1591 setosam
1115 1522 1372 1616 pecoris
1408 1521 1796 1615 perquirere
1833 1519 2121 1588 frontem

621 1631 782 1698 Esto
825 1655 1114 1700 memor:
1144 1630 1314 1700 flexo
1351 1630 1529 1724 jacet
1566 1628 1702 1699 illic
1733 1653 1965 1714 crure,
1992 1628 2282 1697 minaces

619 1741 703 1808 ln
739 1753 981 1808 terram
1026 1739 1239 1835 figens
1273 1739 1537 1826 oculos3
1573 1755 1713 1809 tum
1748 1752 1985 1808 caetera
2020 1739 2207 1832 signa

2599 1765 2681 1808 ⁴25

620 1846 1067 1919 Flammarum
1105 1850 1388 1920 similem
1427 1848 1657 1945 procul
1707 1851 1883 1919 inter
1926 1847 2139 1940 sidera
2182 1847 2485 1916 formam

623 1961 977 2029 Ostentare
1003 1959 1261 2031 valent:
1283 1961 1549 2056 gemino
1580 1961 1675 2028 sic
1708 1983 1959 2029 cornua
1992 1959 2201 2028 ductu

622 2069 844 2164 Erigit
877 2071 1134 2140 aetherii
1169 2071 1362 2166 vigor
1400 2071 1610 2165 igniS‚
1646 2085 1713 2138 et
1751 2069 1928 2164 ignis
1958 2068 2297 2162 utrimque

623 2178 734 2247 Sic
767 2180 1054 2248 camuris
1090 2180 1279 2249 ardet
1313 2179 1800 2275 protractibus3
1832 2177 2010 2248 haud
2048 2178 2170 2247 tibi
2207 2179 2421 2272 signis

619 2289 1068 2383 Perquirenda
1103 2288 1250 2359 aliis
1292 2291 1551 2384 pecoris
1588 2290 1770 2359 frons
1811 2315 2074 2384 aequore
2110 2303 2337 2383 surget
2598 2315 2677 2360 βο

622 2401 922 2485 Ocean03
957 2400 1234 2492 proprio
1263 2403 1560 2470 Taurum
1603 2397 2029 2495 deprenderis
2068 2424 2213 2468 ore:

622 2508 892 2577 Cornua
929 2508 1023 2577 sic
1051 2532 1205 2576 vera
1237 2510 1361 2578 sub
1397 2511 1687 2605 imagine
1728 2534 1930 2579 curva
1977 2508 2359 2578 dehiscunt:

625 2617 736 2687 Sic
770 2617 1058 2687 mediam
1098 2617 1330 2689 creber
1371 2620 1600 2711 pecori
1639 2620 1927 2689 frontem
1972 2633 2237 2713 asperat
2271 2616 2489 2711 ignis:

617 2726 726 2797 sic
761 2726 1024 2821 Hyades
1050 2730 1252 2797 Tauri
1289 2744 1435 2799 toto
1473 2728 1708 2823 procul
1748 2748 1863 2797 ore
1901 2742 2278 2797 coruscant.

627 2840 710 2905 At
743 2840 1021 2905 Boream
1055 2835 1218 2905 laevo
1253 2863 1386 2932 qua
1417 2840 1681 2907 Taurus
1714 2839 2019 2907 acumine
2054 2836 2306 2933 pulsat,
2584 2860 2660 2902 ω

625 2950 930 3040 Desuper
968 2948 1236 3043 Aurigae
1277 2948 1511 3017 dexter
1549 2974 1663 3045 pes
1702 2951 2006 3018 imminet
2040 2963 2240 3017 astro,

626 3060 780 3127 Una
816 3056 1049 3150 pedem
1080 3058 1348 3152 Aurigae
1381 3057 2079 3152 dextrum‚cornuque
2116 3058 2459 3127 sinistrum

622 3165 830 3236 Stella
863 3181 1042 3235 tenet
1077 3170 1372 3261 pecoris;
1403 3168 1600 3237 simul
1629 3170 1697 3237 in
1732 3194 2024 3238 convexa
2056 3168 2394 3237 feruntur:

594 3359 844 3427 427·431.
867 3363 1070 3411 Gemino
1095 3363 1168 3411 sic
1186 3379 1371 3412 comem
1392 3365 1541 3412 ductu

525 3442 684 3506 Erigit
707 3441 896 3489 oeelten‘i
921 3440 1066 3507 vigor
1086 3442 1209 3507 tignis
1223 3478 1238 3499 ,
1266 3476 1305 3492 ..
1320 3479 1333 3493 .
1346 3444 1540 3507 pecoris

506 3520 659 3585 frons
682 3536 880 3583 oequore
895 3533 1065 3586 surget
1075 3522 1292 3571 Oceano.
1311 3520 1390 3571 Ita
1417 3517 1543 3571 dedi

525 3607 576 3649 et
608 3593 823 3648 distinxi
849 3615 970 3650 cum
996 3597 1214 3664 Grotio,
1247 3616 1401 3651 sensu
1435 3598 1543 3651 exi-

525 3686 694 3746 gente.
739 3674 920 3745 Vulgo
967 3677 1130 3729 male:
1170 3704 1192 3725 ι
1213 3679 1428 3749 gemino
1467 3678 1543 3731 sic

524 3770 724 3806 cornua
764 3751 932 3807 ductu
969 3755 1142 3826 Erigit
1163 3757 1364 3810 aetherii
1397 3756 1541 3828 rigor

523 3832 658 3905 ignis
683 3845 736 3885 et
757 3832 892 3904 ignia
915 3835 1180 3905 utrinque.
1205 3836 1294 3890 Sic
1313 3837 1541 3891 camuris

525 3910 676 3966 ardet
699 3912 1069 3983 protractibus,
1084 3913 1232 3966 haud
1255 3915 1353 3968 tibi
1373 3915 1541 3988 signia

525 3989 886 4065 Perquirenda
948 3990 1066 4045 aliis
1126 3994 1330 4063 pecoris
1391 3995 1539 4051 frons

525 4090 670 4143 aqua
715 4080 952 4144 resurget
981 4092 998 4137 ;
1052 4072 1268 4124 Oceano
1323 4074 1541 4145 proprio

1625 3371 1859 3422 Taurum
1878 3368 2217 3441 deprenderis
2232 3384 2325 3420 ore
2336 3390 2383 3420 u.
2396 3370 2651 3426 Canum-ns,
2748 3392 2757 3403 ·

1630 3453 1875 3509 Cametas,
1905 3453 2083 3501 Camor·
2107 3459 2181 3503 est
2204 3466 2401 3507 σκηνὴ·
2428 3444 2538 3499 vid.
2560 3447 2656 3500 1²0-

1629 3540 1755 3581 stus.
1784 3528 2068 3581 Derivatur
2086 3545 2190 3580 vox
2212 3526 2309 3577 ἀπὸ
2328 3532 2411 3585 τῆς
2432 3532 2652 3596 καμπῆς.

1632 3638 1701 3647 —-
1734 3606 1943 3660 Taurus
1985 3606 2200 3677 fingitur
2237 3620 2504 3677 tamquam
2550 3604 2649 3657 bos

1628 3684 2012 3757 ingeniculatus
2030 3724 2045 3748 ‚
2072 3683 2215 3737 unde
2242 3700 2363 3736 eum
2388 3684 2647 3755 interpres

1629 3765 1897 3818 Ptolemaei
1930 3764 2094 3835 κυρτὸν
2130 3776 2285 3817 vocat
2322 3774 2375 3815 et
2402 3764 2643 3817 Lucanus

1628 3860 1893 3897 curvatum.
1926 3846 2085 3897 Arato
2116 3842 2359 3901 πεπτηώς.
2393 3840 2643 3893 Manilius

1627 3920 1751 3975 item
1771 3926 1970 3993 flexum
1998 3921 2081 3976 vel
2108 3925 2281 3973 nixum
2307 3920 2454 3973 dicit.
2486 3920 2582 3971 En.

1700 4000 1818 4069 433.
1853 4004 1932 4055 Sic
1960 4005 2167 4053 mediam
2200 4005 2382 4053 creber.
2421 3998 2588 4068 Vulgo
2622 4016 2637 4049 :

1628 4086 1698 4133 sic
1734 4086 1913 4133 medt'a.
