2996 4685
781 389 912 457 DE
967 388 1475 459 FLAVIANO
1540 389 2121 458 MYRMECIO.
2422 414 2513 486 ²9
2567 449 2571 452 .

387 533 496 583 tur
513 516 628 604 (1).
656 517 856 600 Quod
884 519 1162 584 Avienus
1200 519 1501 584 Flaviano
1535 519 1775 583 librum
1811 516 1895 583 de
1928 519 2141 585 Stellis
2178 519 2511 584 dedicasse

387 623 645 705 dicitur,
672 623 742 688 id
771 625 1162 688 Ramiresius
1195 625 1277 688 de
1302 624 1515 688 Prado
1542 624 1633 712 (2)
1659 641 1885 712 aptum
1918 641 2105 713 putat
2132 625 2269 706 ejus
2301 627 2513 714 palato

387 729 588 794 fuisse
603 777 621 811 ,
647 731 761 817 qui
791 729 1076 794 siderum
1108 731 1484 795 observator
1515 732 1735 794 futura
1764 730 2110 818 praedicere
2141 731 2224 796 sit
2250 731 2477 796 solitus
2494 781 2513 814 ,

387 851 746 926 testemque
766 837 974 902 adfert
998 837 1434 902 Sozomenum
1453 886 1471 920 ,
1501 860 1538 901 e
1571 860 1704 925 quo
1741 837 1881 902 haec
1913 840 2111 902 refert
2142 837 2263 926 (3).
2314 837 2515 902 Puta-

385 941 496 1006 bat
544 945 912 1032 Eugenius,
946 965 1016 1008 se
1051 943 1122 1008 id
1155 943 1334 1032 quod
1371 944 1731 1008 conabatur
1762 943 2007 1031 absque
2045 943 2511 1032 impedimento

385 1067 949 1139 consequuturum
963 1099 982 1132 ,
1007 1050 1314 1117 inductus
1337 1050 1771 1140 quorumdam
1793 1051 2001 1116 verbis
2018 1099 2036 1133 ,
2062 1053 2174 1140 qui
2198 1075 2267 1116 se
2294 1053 2513 1116 futura

382 1156 803 1244 praedicturos
847 1157 1320 1246 pollicebantur
1367 1179 1446 1220 ex
1475 1157 1885 1221 victimarum
1929 1158 2372 1222 immolatione
2388 1206 2407 1238 ,
2435 1180 2515 1222 ex

381 1261 698 1326 viscerum
731 1263 1132 1351 inspectione
1152 1311 1171 1345 ,
1196 1285 1274 1327 ex
1305 1261 1755 1327 observatione
1786 1261 2095 1328 siderum.
2123 1265 2371 1328 Harum
2408 1285 2512 1326 re-

381 1390 528 1431 rum
555 1368 828 1434 studiosi
857 1385 1016 1434 tunc
1042 1385 1260 1453 erant,
1292 1391 1496 1456 quum
1527 1369 1632 1433 alii
1666 1369 1856 1434 multi
1883 1369 2057 1458 apud
2080 1370 2405 1436 Romanos
2442 1370 2512 1436 in

381 1471 690 1562 dignitate
713 1474 1048 1540 constituti
1072 1474 1221 1552 viri,
1241 1490 1386 1539 tum
1405 1474 1598 1538 etiam
1620 1474 1961 1540 Flavianus
1978 1523 1997 1557 ,
2020 1492 2181 1540 tunc
2202 1476 2513 1565 temporis

383 1578 726 1644 Praefectus
774 1579 963 1644 Praet.
992 1579 1092 1644 vir
1140 1577 1443 1662 eximius,
1478 1596 1543 1644 et
1578 1579 1646 1642 in
1681 1579 1876 1644 rebus
1914 1579 2186 1669 politicis
2223 1580 2512 1669 prudens

379 1683 675 1765 habitus,
726 1685 970 1774 quique
1030 1684 1299 1773 insuper
1364 1705 1446 1748 ex
1508 1684 1723 1748 omnis
1778 1685 2034 1774 generis
2094 1681 2510 1750 divinationis

378 1790 644 1855 scientia
659 1806 876 1854 exacte
893 1790 1190 1878 praescire
1205 1789 1426 1853 futura
1445 1789 1849 1856 credebatur.
1863 1791 2184 1856 Convenit
2201 1814 2351 1855 cum
2376 1791 2477 1856 his
2490 1839 2510 1873 ,

379 1894 560 1981 quod
589 1895 766 1983 apud
796 1894 1203 1958 Macrobium
1244 1893 1346 1981 (4)
1362 1940 1381 1974 ,
1418 1894 1486 1956 in
1520 1892 1958 1980 disputatione
1991 1894 2073 1958 de
2098 1895 2347 1984 Virgilii
2382 1897 2511 1960 vir·

381 2000 654 2082 tutibus,
669 1999 1008 2064 Flavianus
1027 2014 1241 2087 partes
1261 1998 1531 2086 suscipit
1544 1996 1930 2062 ostendendi
1952 1999 2292 2088 inVirgilio
2310 2001 2513 2065 scien-

379 2105 532 2168 tiam
563 2105 726 2186 juris
759 2104 1102 2194 auguralis,
1142 2103 1238 2166 Ex
1273 2103 1376 2166 his
1412 2102 1679 2190 quidem
1722 2103 1873 2166 satis
1919 2121 2217 2169 accurate
2261 2127 2509 2195 cogno-

376 2211 618 2274 scimus
648 2230 992 2298 personam
1026 2224 1091 2272 et
1123 2205 1408 2271 indolem
1443 2207 1615 2270 illius
1646 2207 1969 2289 Flaviani,
1996 2231 2193 2296 quem
2226 2213 2507 2274 amicum

373 2317 600 2382 Avieni
651 2316 878 2381 titulus
931 2313 1232 2379 carminis
1283 2312 1366 2378 de
1415 2313 1599 2379 malis
1648 2313 1909 2379 Punicis
1964 2313 2210 2381 indicat
2228 2364 2249 2399 ‚
2286 2333 2352 2382 et
2388 2341 2509 2383 cur

377 2422 585 2488 eidem
635 2422 978 2487 Murmecii
1023 2444 1264 2485 nomen
1307 2421 1392 2485 sit
1435 2420 1733 2485 additum
1750 2467 1770 2502 ,
1798 2442 1877 2484 ex
1908 2421 2051 2509 ipso
2084 2424 2401 2507 carmine,
2432 2442 2509 2491 ut

375 2552 572 2619 supra
602 2527 1005 2594 ostendimus
1025 2574 1044 2610 ‚
1067 2542 1285 2616 potest
1313 2526 1549 2617 colligi.
1582 2526 1782 2615 Apud
1809 2527 2269 2615 Symmachum
2299 2553 2506 2618 quum

375 2637 518 2726 lego
538 2634 666 2725 (5),
689 2635 1124 2724 Hyperecium
1174 2633 1524 2723 quemdam
1578 2636 1841 2700 fratrem
1896 2634 1979 2699 ab
2035 2657 2115 2699 eo
2166 2635 2505 2726 adpellari,

374 2742 565 2807 venio
596 2744 664 2805 in
697 2742 1134 2830 suspicionem
1157 2788 1176 2822 ,
1199 2738 1358 2805 vitio
1393 2740 1726 2829 scripturae
1758 2739 1930 2804 forte
1963 2740 2031 2805 id
2064 2743 2347 2811 nominis
2384 2768 2507 2832 po-

375 2848 570 2912 situm
601 2870 720 2937 pro
757 2846 1114 2935 Myrmecio
1135 2893 1154 2927 ‚
1183 2861 1250 2909 et
1280 2845 1657 2910 Flavianum
1691 2846 2119 2935 Myrmecium
2153 2848 2507 2939 intelligen-

375 2952 534 3017 dum
567 2976 704 3018 esse
722 3002 740 3032 ‚
771 2975 968 3042 quem
1003 2952 1190 3017 toties
1221 2951 1486 3016 fratrem
1520 2951 1819 3040 adpellat-

461 3058 952 3127 Deveniendum
1009 3082 1189 3124 nunc
1242 3075 1340 3124 est
1386 3056 1469 3123 ad
1521 3060 1755 3148 scripta
1799 3060 2024 3124 Avieni
2073 3062 2461 3131 recensenda
2480 3114 2501 3147 ‚

372 3188 654 3253 quorum
686 3189 807 3231 nos
837 3165 1192 3231 admonent
1215 3165 1411 3230 verba
1441 3165 1879 3254 inscriptionis
1912 3168 2231 3256 antiquae:

655 3325 901 3379 Carmina
923 3326 1091 3380 multa
1115 3344 1308 3380 serens.

437 3565 517 3635 (ι)
550 3564 818 3636 Integram
859 3561 1252 3636 inscriptionem
1289 3565 1567 3636 proposuit
1608 3564 1881 3618 Reinesius
1922 3564 1975 3617 in
2021 3564 2292 3637 syntag-m.
2334 3568 2499 3621 Clau.

372 3654 450 3706 VI
467 3696 484 3722 ,
506 3674 560 3707 n.
584 3672 671 3725 9²·

441 3770 518 3838 (2)
552 3767 636 3822 Ad
659 3763 1208 3837 LuitprandiAdvers.
1236 3784 1294 3838 p.
1329 3773 1453 3835 49¹·

439 3882 518 3954 (3)
550 3882 682 3935 Hist.
703 3880 888 3935 eccles.
916 3880 1010 3933 lib.
1030 3880 1138 3933 vn
1155 3920 1170 3946 ,
1195 3898 1309 3951 cap.
1337 3898 1424 3932 υ.

441 3998 521 4068 (4)
555 3996 766 4049 Saturn-
787 3994 816 4047 I
834 4035 851 4061 ,
890 4001 973 4057 ²4·

441 4110 519 4179 (5)
555 4109 718 4182 Epist.
743 4108 830 4161 lib.
853 4108 962 4171 m,
996 4107 1077 4161 5¹.
