2996 4685
964 337 1170 405 ORA
1217 333 1765 406 MARITIMA.

2284 341 2425 426 465

495 465 730 532 Latere
773 485 854 528 ex
891 473 1178 551 utroque
1221 457 1503 551 piscium
1548 483 1815 553 semper
1843 461 2019 531 ferax

491 576 822 668 Stagnum
858 570 1201 664 premebat
1230 594 1245 635 :
1289 568 1444 636 inde
1467 571 1760 639 Tarraco
1794 573 2117 667 oppidum

491 686 579 752 Et
617 682 1066 753 Barcinonum
1107 703 1364 746 amoena
1409 676 1597 747 sedes
1640 679 1900 752 ditium.
2348 711 2424 751 5²0

491 796 664 863 Nam
700 790 936 887 pandit
974 787 1106 858 illic
1141 801 1290 856 tuta
1328 802 1563 881 portus
1598 789 1904 877 brachia,

426 953 432 960 -
490 905 796 997 Uvetque
836 924 1092 995 semper
1124 895 1432 967 dulcibus
1467 896 1663 967 tellus
1701 902 1913 995 aquis.

489 1017 650 1086 Post
685 1010 1020 1106 Indigetes
1059 1006 1275 1102 asperi
1314 1031 1382 1075 se
1419 1006 1811 1100 proferunt:

491 1126 676 1193 Gens
708 1123 836 1190 ista
869 1119 1066 1204 dura,
1103 1141 1264 1211 gens
1302 1116 1488 1184 ferox
1523 1119 1902 1205 venatibuS‚

493 1231 882 1324 Lustrisque
918 1228 1282 1297 inhaerens:
1338 1239 1480 1292 tum
1516 1225 1751 1322 jugum
1790 1229 2307 1304 Celebandicum
2346 1257 2422 1299 ⁵2⁵

297 1465 578 1538 Callipolin
596 1461 827 1516 adificiis
849 1461 958 1520 suis
979 1474 1224 1532 stagnum
1239 1461 1316 1512 in·

293 1545 501 1600 clusum
537 1545 797 1598 ambiisse.
835 1545 902 1597 Et
942 1545 1190 1598 usitatum
1232 1557 1312 1598 est

295 1625 496 1678 Avieno
527 1629 704 1686 larem,
747 1624 998 1697 singulari
1037 1624 1171 1678 adeo
1209 1643 1312 1678 nu·

293 1723 471 1770 mero,
495 1701 682 1756 domos
699 1715 750 1756 et
766 1715 904 1758 tecta
927 1704 1160 1768 urbium,
1183 1705 1312 1777 quin

295 1795 430 1835 totas
451 1783 607 1835 urbes
628 1801 837 1835 vocare.
878 1781 1028 1836 Infra
1062 1802 1140 1836 vs.
1168 1802 1271 1852 7⁰0
1294 1803 1308 1837 :

294 1860 592 1932 «Stagnum
634 1862 800 1914 ambit
837 1861 1058 1928 urbem,
1083 1874 1136 1914 et
1167 1862 1312 1916 unda

293 1939 482 1994 lambit
505 1940 762 2012 oppidum
791 1943 1086 2012 Laremque
1126 1943 1242 1995 fusa
1262 1967 1308 1996 ι.

295 2019 552 2091 Descript.
571 2020 700 2072 orb.
717 2039 768 2072 v.
784 2020 918 2072 368:
941 2019 1173 2074 «Thebae
1195 2039 1314 2092 qun

296 2097 558 2152 manibus
585 2099 702 2154 altis
729 2098 1054 2152 Proecinxere
1078 2100 1242 2153 larem
1263 2127 1309 2153 a.

291 2175 433 2230 Ibid.
458 2197 508 2232 v.
538 2178 660 2246 495,
677 2177 745 2230 de
769 2178 947 2231 Tibri:
981 2204 1008 2224 «ι
1023 2179 1310 2231 Romanos*-

290 2274 396 2326 que
410 2255 545 2310 lares
561 2257 713 2328 lapsu
723 2255 1018 2329 prolambit
1029 2257 1249 2310 alumno
1260 2274 1307 2320 »ς

289 2348 343 2389 et
378 2355 455 2388 vs.
491 2354 655 2407 1072:
697 2363 722 2384 ιι
740 2336 969 2409 Byblos,
1001 2335 1308 2409 Sidoniiqne

289 2416 426 2469 lares
451 2440 472 2461 ι
487 2456 500 2468 .
545 2416 647 2468 Pro
689 2419 828 2468 vasti
876 2416 1056 2467 ambitu
1098 2414 1306 2469 Oddius

289 2494 495 2547 mavult
517 2511 687 2554 vasto,
702 2492 848 2566 quod
870 2505 1048 2547 tamen
1073 2493 1308 2565 recipere

291 2574 454 2625 nolim
470 2609 487 2635 ‚
513 2573 640 2644 quia
659 2574 849 2625 Noster
882 2583 934 2625 et
960 2578 1164 2641 angusti
1185 2576 1306 2625 laris

292 2650 556 2703 civitatem
576 2650 706 2703 dicit
726 2670 778 2703 v.
801 2652 921 2703 610.

362 2729 481 2799 519.
507 2734 746 2799 Stagnum
767 2730 1068 2795 imprimebat
1089 2728 1224 2781 Ven.
1256 2741 1308 2781 et

290 2807 430 2861 Pith.
451 2807 598 2881 quod
623 2808 710 2860 vix
739 2804 950 2860 admitti
977 2824 1129 2877 posse
1159 2806 1306 2859 vide-

289 2898 398 2951 tur,
423 2884 546 2941 licet
581 2888 772 2941 Noster
802 2896 854 2938 et
888 2886 1049 2938 verbo
1077 2887 1307 2939 incubare

292 2967 364 3020 sic
399 2986 526 3020 usus
563 2966 658 3030 sit,
682 2968 862 3019 Descr.
893 2966 1026 3018 Orb.
1053 2983 1133 3017 vs.
1164 2963 1301 3032 529:

301 3072 323 3093 ·
342 3048 761 3118 Tergestumque
785 3044 982 3097 dehinc
1015 3044 1161 3097 curvi
1185 3043 1308 3097 salis

290 3124 510 3178 incubat
544 3144 696 3179 oram
710 3152 754 3178 a.
793 3124 1037 3177 Heinsius
1069 3125 1308 3179 tentabat

290 3208 585 3257 imminebat.
627 3204 727 3259 Sed
766 3204 870 3257 hoc
907 3204 1140 3257 admisso
1179 3204 1305 3257 scri-

291 3281 526 3337 bendum
555 3284 760 3339 auctori
790 3297 903 3338 erat
916 3287 1122 3354 piscium
1134 3287 1310 3354 semei

291 3378 473 3432 stagno
521 3366 829 3426 imminebat,
874 3363 1019 3435 quod
1075 3375 1301 3417 metrum

291 3444 507 3514 respuit.
547 3444 720 3516 Igitur
743 3444 1002 3497 salubrior
1019 3443 1174 3496 tectio
1198 3456 1298 3507 est,

289 3541 451 3595 quam
484 3522 636 3577 dedit
658 3522 826 3577 Huds.
853 3528 1088 3591 Stagnum
1100 3543 1296 3592 preme·

288 3607 380 3655 bae.
398 3602 643 3656 Premere
663 3602 940 3665 dicuntur,
978 3620 1096 3674 qux
1121 3602 1298 3655 immi-

289 3694 415 3733 nent
430 3722 445 3747 ,
468 3682 666 3735 instant
678 3721 694 3747 ,
720 3681 1062 3747 incumbunt,
1093 3694 1297 3752 urgent.

289 3760 512 3828 Rutim,
546 3760 677 3815 315:
705 3760 1005 3814 -Tenditur
1023 3761 1081 3813 in
1102 3760 1304 3817 medias

288 3857 440 3892 mons
458 3840 798 3911 Argentarius
823 3838 994 3893 undas
1013 3880 1029 3903 ‚
1055 3839 1304 3913 Ancipiti-

289 3936 390 3991 que
404 3920 534 3991 jugo
556 3918 744 3971 corula
765 3936 922 3971 curva
945 3920 1136 3991 premit
1157 3946 1196 3971 ι.

359 3998 474 4051 520.
502 4004 565 4049 Ee
585 4002 896 4051 Barce'Ionum
912 3998 1162 4070 vulgata.
1181 4006 1306 4052 Bar-

291 4083 517 4130 cinonum
543 4076 755 4131 volebat
782 4077 960 4131 Heius.
983 4080 1050 4131 Et
1073 4080 1146 4135 sic
1181 4086 1309 4139 scri-

480 4176 562 4242 V.

1397 1458 1542 1513 bitur
1572 1462 1630 1515 in
1656 1463 1803 1516 libris
1828 1478 1881 1519 et
1906 1469 2262 1522 monumentis
2286 1471 2423 1523 anti-

1398 1540 1535 1610 quis.
1564 1541 1750 1595 Petrus
1781 1548 1844 1596 de
1874 1550 2086 1607 Mat-ca,
2116 1548 2203 1612 11,
2233 1557 2318 1614 14,
2352 1551 2381 1602 5
2400 1589 2416 1612 ‚

1395 1619 1743 1675 Barcinonem
1774 1622 1880 1678 hoc
1904 1624 2023 1678 loco
2060 1629 2417 1682 commendari

1397 1699 1471 1751 ait
1498 1718 1531 1753 a
1560 1701 1690 1754 situs
1716 1703 2043 1769 amoenitate,
2078 1725 2107 1759 a
2133 1705 2333 1762 divitiis
2350 1749 2365 1774 ,
2388 1727 2419 1763 a

1400 1781 1623 1833 fontium
1646 1783 2049 1854 scaturiginibus
2068 1824 2083 1850 ,
2113 1799 2163 1838 et
2183 1806 2213 1839 a
2241 1801 2418 1858 portu.

1397 1857 1638 1912 Paullino
1665 1861 1720 1912 in
1746 1861 1965 1934 Epistol.
1990 1863 2061 1916 ad
2087 1867 2383 1939 Ausonium
2402 1907 2419 1930 ,

1396 1955 1473 1990 vs.
1505 1938 1598 1992 131
1617 1977 1634 2002 ,
1660 1940 1857 2011 pariter
1893 1941 2087 1996 dicitur
2123 1969 2145 1990 ·
2163 1944 2419 2000 Barcinus

1395 2031 1594 2070 amoena
1611 2045 1656 2071 ι».

1469 2094 1498 2147 5
1509 2117 1536 2148 τι
1546 2116 1568 2150 1
1580 2138 1593 2150 .
1603 2103 1728 2150 Tuta
1729 2115 1898 2169 porciu
1912 2105 2135 2154 brachia.
2151 2103 2417 2168 Bai-thius,

1396 2171 1531 2228 Adv.
1553 2196 1607 2247 p.
1636 2178 1799 2248 1549,
1817 2177 2034 2236 adnotat
2065 2184 2266 2234 brachia
2302 2201 2415 2237 esse

1393 2251 1641 2308 flexiones
1686 2269 1739 2310 et
1782 2269 2097 2312 curvaturas
2144 2273 2411 2331 portuum.

1391 2329 1503 2395 Nos
1546 2331 1615 2387 de
1658 2337 1771 2408 ejus
1791 2336 1934 2391 vocis
1966 2357 2066 2392 usu
2102 2341 2303 2412 egimus
2338 2340 2412 2397 ad

1389 2410 1557 2467 Rutu.
1577 2414 1625 2479 1,
1647 2433 1696 2466 v.
1719 2414 1840 2469 535.
1958 2472 1963 2479 ,

1463 2490 1583 2544 52².
1606 2498 1817 2563 Hoccque
1838 2515 2026 2565 semper
2040 2509 2121 2550 est
2154 2500 2209 2551 in
2227 2500 2413 2572 vulga-

1390 2569 1473 2621 tis.
1507 2572 1737 2639 Vir-ecque
1769 2593 1956 2641 semper
1996 2575 2121 2629 citat
2162 2578 2298 2631 Petr.
2346 2584 2411 2633 de

1391 2652 1571 2699 Mar-ca
1580 2650 1615 2702 1.
1630 2667 1675 2705 c.
1696 2651 1915 2707 sortasse
1930 2656 2189 2707 memoria
2208 2657 2405 2727 lapsus.

1390 2725 1521 2779 Chr.
1554 2729 1815 2781 Daumius
1851 2730 1921 2783 de
1956 2750 2099 2785 caus.
2121 2752 2226 2785 am.
2252 2738 2407 2808 Ling-

1390 2806 1507 2859 Lat.
1545 2805 1661 2860 rad.
1688 2827 1737 2862 c.
1765 2809 1853 2861 18:
1883 2816 2032 2862 ch‘re
2072 2829 2155 2881 ap.
2194 2813 2409 2868 Festum

1389 2884 1651 2938 Aviennm
1672 2886 1725 2937 in
1745 2886 1859 2955 Ora
1882 2905 2015 2940 mar.
2032 2907 2083 2941 v.
2110 2888 2210 2943 522
2232 2891 2408 2947 solum

1391 2974 1576 3017 exstat.
1611 2963 1768 3035 Apud
1817 2965 1909 3019 sil.
1962 2967 2081 3019 Ital.
2129 2969 2219 3024 lib.
2264 2973 2372 3025 vn
2390 3010 2407 3036 ,

1390 3042 1597 3105 650‚est
1606 3043 1961 3115 participium:
1977 3046 2197 3101 «Uventi
2210 3050 2411 3105 ferrum

1390 3121 1627 3175 admovit
1669 3124 1933 3195 tepefacta
1968 3126 2221 3196 palato»;
2258 3141 2318 3181 ut
2356 3143 2411 3183 et

1389 3200 1534 3273 apud
1554 3203 1735 3255 Avien.
1760 3206 1905 3256 Arat.
1925 3222 1977 3256 v.
2011 3206 2159 3275 1782.
2196 3212 2405 3277 Jugibus

1388 3285 1533 3349 aquis
1560 3283 1795 3334 tentabat
1820 3282 2001 3335 Heins-
2026 3302 2125 3353 pro
2152 3289 2403 3349 dulcibus,

1387 3360 1481 3413 sed
1503 3359 1717 3432 vulgata
1740 3374 1969 3433 prastat.

1459 3440 1579 3492 523.
1599 3442 1850 3507 IndIgetes
1874 3439 2118 3494 Straboni
2136 3436 2404 3511 Ῐνδικῆται,

1385 3518 1618 3592 populus
1639 3520 1791 3591 Hisp.
1812 3518 2025 3573 Terrae.
2054 3535 2171 3593 post
2196 3524 2406 3579 Laleta-

1384 3616 1482 3651 nos
1504 3638 1519 3663 ,
1549 3617 1581 3651 a
1606 3598 1892 3652 Rubricato
1916 3598 1970 3653 fl.
1997 3598 2067 3653 ad
2099 3601 2401 3673 Pyrenaeos.

1461 3676 1579 3732 525.
1596 3684 1713 3730 Tum
1716 3682 1891 3748 jugum
1906 3682 2293 3737 Celebandicum.
2306 3684 2407 3739 Pe-

1388 3770 1504 3811 trus
1542 3762 1605 3810 de
1641 3762 1846 3819 uma,
1878 3759 2071 3813 Marco
2110 3760 2262 3835 Hisp.
2307 3767 2402 3830 11,

1397 3836 1460 3891 15
1478 3876 1495 3898 ,
1529 3856 1551 3890 1
1565 3856 1587 3890 1
1604 3878 1619 3902 ,
1637 3836 1741 3891 hoc
1761 3838 1953 3909 jugum
1979 3840 2398 3899 Celebandicum

1392 3916 1460 3970 de
1479 3916 1841 3989 promontorio
1856 3916 2089 3971 Lunario
2104 3919 2403 3993 intelligen-

1393 3998 1525 4053 dum
1548 4006 1727 4067 putat,
1746 3993 1891 4066 quod
1929 3997 2191 4053 Laletanis
2218 4002 2403 4054 tribuit

1397 4077 1724 4135 Ptolemaeus.
1752 4074 1907 4140 Quod
1934 4077 2342 4150 quum,inquit,
2370 4095 2405 4130 a

2030 4166 2120 4237 30
