<?xml version="1.0" encoding="UTF-8"?>
<!DOCTYPE html PUBLIC "-//W3C//DTD XHTML 1.0 Transitional//EN"
    "http://www.w3.org/TR/xhtml1/DTD/xhtml1-transitional.dtd">
<html xmlns="http://www.w3.org/1999/xhtml" xml:lang="en" lang="en">
 <head>
  <title>
</title>
<meta http-equiv="Content-Type" content="text/html;charset=utf-8" />
  <meta name='ocr-system' content='tesseract 3.04.00' />
  <meta name='ocr-capabilities' content='ocr_page ocr_carea ocr_par ocr_line ocrx_word'/>
</head>
<body>
  <div class='ocr_page' id='page_1' title='image "./poetaelatinimin01unkngoog_0074.png"; bbox 0 0 2996 4685; ppageno 0'>
   <div class='ocr_carea' id='block_1_1' title="bbox 308 466 2453 504">
    <p class='ocr_par' dir='ltr' id='par_1_1' title="bbox 308 466 2453 504">
     <span class='ocr_line' id='line_1_1' title="bbox 308 466 2453 504; baseline -0.004 0"><span class='ocrx_word' id='word_1_1' title='bbox 308 466 1601 504; x_wconf 57' lang='lat' dir='ltr'>mmmm-sufflamus</span> <span class='ocrx_word' id='word_1_2' title='bbox 1606 475 2453 496; x_wconf 59' lang='lat' dir='ltr'>mmmm</span> 
     </span>
    </p>
   </div>
   <div class='ocr_carea' id='block_1_2' title="bbox 831 729 1957 804">
    <p class='ocr_par' dir='ltr' id='par_1_2' title="bbox 831 729 1957 804">
     <span class='ocr_line' id='line_1_2' title="bbox 831 729 1957 804; baseline -0.003 -2"><span class='ocrx_word' id='word_1_3' title='bbox 831 731 1436 804; x_wconf 89' lang='lat' dir='ltr'><strong>EDITIONES</strong></span> <span class='ocrx_word' id='word_1_4' title='bbox 1507 729 1957 802; x_wconf 87' lang='lat' dir='ltr'>OPERUM</span> 
     </span>
    </p>
   </div>
   <div class='ocr_carea' id='block_1_3' title="bbox 669 937 2125 1048">
    <p class='ocr_par' dir='ltr' id='par_1_3' title="bbox 669 937 2125 1048">
     <span class='ocr_line' id='line_1_3' title="bbox 669 937 2125 1048; baseline -0.001 -5"><span class='ocrx_word' id='word_1_5' title='bbox 669 941 1536 1048; x_wconf 87' lang='lat' dir='ltr'>RUFI‘FESTI</span> <span class='ocrx_word' id='word_1_6' title='bbox 1603 937 2125 1046; x_wconf 86' lang='lat' dir='ltr'><strong>AVIENI</strong></span> 
     </span>
    </p>
   </div>
   <div class='ocr_carea' id='block_1_4' title="bbox 799 1185 1973 1234">
    <p class='ocr_par' dir='ltr' id='par_1_4' title="bbox 799 1185 1973 1234">
     <span class='ocr_line' id='line_1_4' title="bbox 799 1185 1973 1234; baseline -0.003 0"><span class='ocrx_word' id='word_1_7' title='bbox 799 1185 1214 1234; x_wconf 69' lang='lat' dir='ltr'>PRAESERTIM</span> <span class='ocrx_word' id='word_1_8' title='bbox 1275 1185 1513 1233; x_wconf 75' lang='lat' dir='ltr'><strong>GEOGR</strong></span> <span class='ocrx_word' id='word_1_9' title='bbox 1528 1185 1835 1234; x_wconf 59' lang='lat' dir='ltr'>armcon</span> <span class='ocrx_word' id='word_1_10' title='bbox 1845 1185 1973 1232; x_wconf 69' lang='lat' dir='ltr'>UH.</span> 
     </span>
    </p>
   </div>
   <div class='ocr_carea' id='block_1_5' title="bbox 397 1374 2393 1544">
    <p class='ocr_par' dir='ltr' id='par_1_5' title="bbox 397 1374 2393 1544">
     <span class='ocr_line' id='line_1_5' title="bbox 397 1374 2393 1444; baseline 0.001 -14"><span class='ocrx_word' id='word_1_11' title='bbox 397 1376 552 1444; x_wconf 71' lang='lat' dir='ltr'>(Qua</span> <span class='ocrx_word' id='word_1_12' title='bbox 577 1376 687 1430; x_wconf 75' lang='lat' dir='ltr'>sola</span> <span class='ocrx_word' id='word_1_13' title='bbox 705 1376 900 1430; x_wconf 75' lang='lat' dir='ltr'>Aratea</span> <span class='ocrx_word' id='word_1_14' title='bbox 920 1375 1106 1429; x_wconf 76' lang='lat' dir='ltr'>Avieni</span> <span class='ocrx_word' id='word_1_15' title='bbox 1126 1375 1374 1430; x_wconf 79' lang='lat' dir='ltr'>exhibent</span> <span class='ocrx_word' id='word_1_16' title='bbox 1387 1411 1406 1440; x_wconf 84' lang='lat'>,</span> <span class='ocrx_word' id='word_1_17' title='bbox 1426 1374 1530 1429; x_wconf 80' lang='lat' dir='ltr'>bac</span> <span class='ocrx_word' id='word_1_18' title='bbox 1554 1375 1612 1428; x_wconf 86' lang='lat' dir='ltr'>in</span> <span class='ocrx_word' id='word_1_19' title='bbox 1642 1375 1774 1428; x_wconf 73' lang='lat' dir='ltr'>serie</span> <span class='ocrx_word' id='word_1_20' title='bbox 1800 1375 2132 1430; x_wconf 86' lang='lat' dir='ltr'>omittuntur.</span> <span class='ocrx_word' id='word_1_21' title='bbox 2146 1377 2297 1430; x_wconf 86' lang='lat' dir='ltr'>—Et</span> <span class='ocrx_word' id='word_1_22' title='bbox 2321 1377 2393 1432; x_wconf 83' lang='lat' dir='ltr'>ad</span> 
     </span>
     <span class='ocr_line' id='line_1_6' title="bbox 551 1469 2241 1544; baseline 0 -20"><span class='ocrx_word' id='word_1_23' title='bbox 551 1472 662 1544; x_wconf 74' lang='lat' dir='ltr'>ipsa</span> <span class='ocrx_word' id='word_1_24' title='bbox 688 1473 876 1525; x_wconf 70' lang='lat' dir='ltr'>Aratea</span> <span class='ocrx_word' id='word_1_25' title='bbox 909 1489 1006 1525; x_wconf 78' lang='lat' dir='ltr'>nos</span> <span class='ocrx_word' id='word_1_26' title='bbox 1033 1471 1149 1526; x_wconf 64' lang='lat' dir='ltr'>hee</span> <span class='ocrx_word' id='word_1_27' title='bbox 1175 1471 1605 1532; x_wconf 64' lang='lat' dir='ltr'>enumerabimus</span> <span class='ocrx_word' id='word_1_28' title='bbox 1641 1483 1690 1522; x_wconf 81' lang='lat' dir='ltr'>et</span> <span class='ocrx_word' id='word_1_29' title='bbox 1717 1469 2093 1526; x_wconf 67' lang='lat' dir='ltr'>describemus.</span> <span class='ocrx_word' id='word_1_30' title='bbox 2114 1473 2241 1542; x_wconf 82' lang='lat' dir='ltr'>En.)</span> 
     </span>
    </p>
   </div>
   <div class='ocr_carea' id='block_1_6' title="bbox 1165 1731 1639 1760">
    <p class='ocr_par' dir='ltr' id='par_1_6' title="bbox 1165 1731 1639 1760">
     <span class='ocr_line' id='line_1_7' title="bbox 1165 1731 1639 1760; baseline 0 2925"><span class='ocrx_word' id='word_1_31' title='bbox 1165 1731 1639 1760; x_wconf 95' lang='lat' dir='ltr'> </span> 
     </span>
    </p>
   </div>
   <div class='ocr_carea' id='block_1_7' title="bbox 313 1963 2495 4287">
    <p class='ocr_par' dir='ltr' id='par_1_7' title="bbox 329 1963 2476 2673">
     <span class='ocr_line' id='line_1_8' title="bbox 329 1963 2469 2068; baseline 0 -25"><span class='ocrx_word' id='word_1_32' title='bbox 329 1979 381 2044; x_wconf 92' lang='grc' dir='ltr'>Ι.</span> <span class='ocrx_word' id='word_1_33' title='bbox 412 1975 627 2040; x_wconf 85' lang='lat' dir='ltr'>Prima</span> <span class='ocrx_word' id='word_1_34' title='bbox 663 1971 960 2040; x_wconf 89' lang='lat' dir='ltr'>omnium</span> <span class='ocrx_word' id='word_1_35' title='bbox 995 1972 1196 2039; x_wconf 89' lang='lat' dir='ltr'>editio</span> <span class='ocrx_word' id='word_1_36' title='bbox 1229 1974 1515 2063; x_wconf 81' lang='lat' dir='ltr'>quodam</span> <span class='ocrx_word' id='word_1_37' title='bbox 1540 1963 1864 2039; x_wconf 71' lang='lat' dir='ltr'>conse&#39;nsu</span> <span class='ocrx_word' id='word_1_38' title='bbox 1888 1977 2288 2041; x_wconf 85' lang='lat' dir='ltr'>literatorum</span> <span class='ocrx_word' id='word_1_39' title='bbox 2318 2001 2469 2068; x_wconf 86' lang='lat' dir='ltr'>per-</span> 
     </span>
     <span class='ocr_line' id='line_1_9' title="bbox 421 2079 2467 2171; baseline 0.001 -25"><span class='ocrx_word' id='word_1_40' title='bbox 421 2081 684 2146; x_wconf 88' lang='lat' dir='ltr'>hibetur</span> <span class='ocrx_word' id='word_1_41' title='bbox 707 2081 985 2164; x_wconf 83' lang='lat' dir='ltr'>Veneta,</span> <span class='ocrx_word' id='word_1_42' title='bbox 1006 2080 1160 2144; x_wconf 88' lang='lat' dir='ltr'>anni</span> <span class='ocrx_word' id='word_1_43' title='bbox 1210 2079 1412 2162; x_wconf 77' lang='lat'>1488,</span> <span class='ocrx_word' id='word_1_44' title='bbox 1435 2102 1580 2168; x_wconf 80' lang='lat' dir='ltr'>quoe</span> <span class='ocrx_word' id='word_1_45' title='bbox 1616 2080 1833 2146; x_wconf 87' lang='lat' dir='ltr'>omnia</span> <span class='ocrx_word' id='word_1_46' title='bbox 1863 2081 2086 2144; x_wconf 82' lang='lat' dir='ltr'><strong>Avieni</strong></span> <span class='ocrx_word' id='word_1_47' title='bbox 2116 2085 2429 2171; x_wconf 82' lang='lat' dir='ltr'>opuscula</span> <span class='ocrx_word' id='word_1_48' title='bbox 2448 2133 2467 2166; x_wconf 91' lang='lat'><strong>,</strong></span> 
     </span>
     <span class='ocr_line' id='line_1_10' title="bbox 419 2185 2473 2276; baseline 0.002 -25"><span class='ocrx_word' id='word_1_49' title='bbox 419 2185 852 2252; x_wconf 82' lang='lat' dir='ltr'>astronomica</span> <span class='ocrx_word' id='word_1_50' title='bbox 884 2202 949 2252; x_wconf 91' lang='lat' dir='ltr'>et</span> <span class='ocrx_word' id='word_1_51' title='bbox 977 2186 1431 2276; x_wconf 82' lang='lat' dir='ltr'>geographica,</span> <span class='ocrx_word' id='word_1_52' title='bbox 1455 2187 1787 2274; x_wconf 65' lang='lat' dir='ltr'>praemisso</span> <span class='ocrx_word' id='word_1_53' title='bbox 1812 2187 2097 2252; x_wconf 78' lang='lat' dir='ltr'>carmine</span> <span class='ocrx_word' id='word_1_54' title='bbox 2125 2187 2208 2253; x_wconf 87' lang='lat' dir='ltr'>ad</span> <span class='ocrx_word' id='word_1_55' title='bbox 2234 2190 2473 2256; x_wconf 75' lang='lat' dir='ltr'>Flavia·</span> 
     </span>
     <span class='ocr_line' id='line_1_11' title="bbox 423 2287 2471 2383; baseline 0.002 -26"><span class='ocrx_word' id='word_1_56' title='bbox 423 2316 585 2359; x_wconf 89' lang='lat' dir='ltr'>num</span> <span class='ocrx_word' id='word_1_57' title='bbox 634 2291 1066 2383; x_wconf 81' lang='lat' dir='ltr'>Myrmecium</span> <span class='ocrx_word' id='word_1_58' title='bbox 1115 2289 1198 2357; x_wconf 91' lang='lat' dir='ltr'>de</span> <span class='ocrx_word' id='word_1_59' title='bbox 1247 2292 1428 2357; x_wconf 85' lang='lat' dir='ltr'>malis</span> <span class='ocrx_word' id='word_1_60' title='bbox 1473 2291 1770 2374; x_wconf 89' lang='lat' dir='ltr'>Punicis,</span> <span class='ocrx_word' id='word_1_61' title='bbox 1798 2293 2121 2377; x_wconf 85' lang='lat' dir='ltr'>eontinet,</span> <span class='ocrx_word' id='word_1_62' title='bbox 2149 2287 2471 2377; x_wconf 71' lang='lat' dir='ltr'>adjunctis</span> 
     </span>
     <span class='ocr_line' id='line_1_12' title="bbox 423 2398 2473 2488; baseline 0.002 -25"><span class='ocrx_word' id='word_1_63' title='bbox 423 2399 598 2464; x_wconf 81' lang='lat' dir='ltr'>Arati</span> <span class='ocrx_word' id='word_1_64' title='bbox 643 2398 1132 2480; x_wconf 64' lang='lat' dir='ltr'>Phaenomenis,</span> <span class='ocrx_word' id='word_1_65' title='bbox 1165 2420 1282 2487; x_wconf 89' lang='lat' dir='ltr'>per</span> <span class='ocrx_word' id='word_1_66' title='bbox 1327 2398 1793 2465; x_wconf 85' lang='lat' dir='ltr'>Germanicum</span> <span class='ocrx_word' id='word_1_67' title='bbox 1832 2414 1898 2463; x_wconf 90' lang='lat' dir='ltr'>et</span> <span class='ocrx_word' id='word_1_68' title='bbox 1931 2422 2051 2488; x_wconf 87' lang='lat' dir='ltr'>per</span> <span class='ocrx_word' id='word_1_69' title='bbox 2093 2401 2473 2467; x_wconf 80' lang='lat' dir='ltr'>Ciceronem</span> 
     </span>
     <span class='ocr_line' id='line_1_13' title="bbox 423 2503 2476 2585; baseline 0.001 -16"><span class='ocrx_word' id='word_1_70' title='bbox 423 2504 624 2569; x_wconf 81' lang='lat' dir='ltr'>latine</span> <span class='ocrx_word' id='word_1_71' title='bbox 669 2505 1025 2585; x_wconf 79' lang='lat' dir='ltr'>conversis,</span> <span class='ocrx_word' id='word_1_72' title='bbox 1060 2518 1125 2566; x_wconf 85' lang='lat' dir='ltr'>et</span> <span class='ocrx_word' id='word_1_73' title='bbox 1165 2503 1249 2584; x_wconf 88' lang='lat' dir='ltr'>Q.</span> <span class='ocrx_word' id='word_1_74' title='bbox 1303 2503 1525 2567; x_wconf 80' lang='lat' dir='ltr'>Sereni</span> <span class='ocrx_word' id='word_1_75' title='bbox 1574 2503 1897 2567; x_wconf 88' lang='lat' dir='ltr'>Samonici</span> <span class='ocrx_word' id='word_1_76' title='bbox 1939 2504 2157 2569; x_wconf 81' lang='lat' dir='ltr'>libello</span> <span class='ocrx_word' id='word_1_77' title='bbox 2201 2503 2284 2569; x_wconf 87' lang='lat' dir='ltr'>de</span> <span class='ocrx_word' id='word_1_78' title='bbox 2332 2507 2476 2571; x_wconf 87' lang='lat' dir='ltr'>Me-</span> 
     </span>
     <span class='ocr_line' id='line_1_14' title="bbox 427 2608 662 2673; baseline 0 0"><span class='ocrx_word' id='word_1_79' title='bbox 427 2608 662 2673; x_wconf 78' lang='lat' dir='ltr'>dicina.</span> 
     </span>
    </p>

    <p class='ocr_par' dir='ltr' id='par_1_8' title="bbox 428 2711 2487 3756">
     <span class='ocr_line' id='line_1_15' title="bbox 515 2711 2476 2803; baseline 0.003 -26"><span class='ocrx_word' id='word_1_80' title='bbox 515 2712 752 2777; x_wconf 82' lang='lat' dir='ltr'>Christ.</span> <span class='ocrx_word' id='word_1_81' title='bbox 773 2713 1116 2795; x_wconf 78' lang='lat' dir='ltr'>Daumius,</span> <span class='ocrx_word' id='word_1_82' title='bbox 1131 2711 1212 2777; x_wconf 87' lang='lat' dir='ltr'>de</span> <span class='ocrx_word' id='word_1_83' title='bbox 1233 2714 1472 2777; x_wconf 76' lang='lat' dir='ltr'>oeussis</span> <span class='ocrx_word' id='word_1_84' title='bbox 1495 2714 1877 2778; x_wconf 80' lang='lat' dir='ltr'>amissarum</span> <span class='ocrx_word' id='word_1_85' title='bbox 1896 2713 2162 2803; x_wconf 58' lang='lat' dir='ltr'>Linguae</span> <span class='ocrx_word' id='word_1_86' title='bbox 2185 2716 2321 2781; x_wconf 84' lang='lat' dir='ltr'>Lat.</span> <span class='ocrx_word' id='word_1_87' title='bbox 2338 2718 2476 2783; x_wconf 87' lang='lat' dir='ltr'>rad.</span> 
     </span>
     <span class='ocr_line' id='line_1_16' title="bbox 428 2815 2479 2912; baseline 0.002 -26"><span class='ocrx_word' id='word_1_88' title='bbox 428 2845 492 2912; x_wconf 84' lang='lat' dir='ltr'>p.</span> <span class='ocrx_word' id='word_1_89' title='bbox 531 2840 689 2907; x_wconf 75' lang='lat'>¹²9²</span> <span class='ocrx_word' id='word_1_90' title='bbox 714 2834 780 2884; x_wconf 90' lang='lat' dir='ltr'>et</span> <span class='ocrx_word' id='word_1_91' title='bbox 812 2818 894 2883; x_wconf 89' lang='lat' dir='ltr'>ad</span> <span class='ocrx_word' id='word_1_92' title='bbox 928 2818 1107 2883; x_wconf 85' lang='lat' dir='ltr'>Paul.</span> <span class='ocrx_word' id='word_1_93' title='bbox 1142 2819 1392 2883; x_wconf 85' lang='lat' dir='ltr'>Petroc.</span> <span class='ocrx_word' id='word_1_94' title='bbox 1428 2840 1493 2906; x_wconf 90' lang='lat' dir='ltr'>p.</span> <span class='ocrx_word' id='word_1_95' title='bbox 1537 2816 1701 2899; x_wconf 78' lang='lat'><strong>348,</strong></span> <span class='ocrx_word' id='word_1_96' title='bbox 1733 2820 1903 2883; x_wconf 89' lang='lat' dir='ltr'>hanc</span> <span class='ocrx_word' id='word_1_97' title='bbox 1941 2815 2313 2886; x_wconf 82' lang='lat' dir='ltr'>editionem</span> <span class='ocrx_word' id='word_1_98' title='bbox 2339 2847 2479 2891; x_wconf 80' lang='lat' dir='ltr'>esse</span> 
     </span>
     <span class='ocr_line' id='line_1_17' title="bbox 428 2921 2479 3018; baseline 0.001 -26"><span class='ocrx_word' id='word_1_99' title='bbox 428 2924 692 3017; x_wconf 83' lang='lat' dir='ltr'>Georgii</span> <span class='ocrx_word' id='word_1_100' title='bbox 707 2924 904 2989; x_wconf 77' lang='lat' dir='ltr'>Valloe</span> <span class='ocrx_word' id='word_1_101' title='bbox 925 2973 943 3007; x_wconf 91' lang='lat'>,</span> <span class='ocrx_word' id='word_1_102' title='bbox 977 2946 1096 3014; x_wconf 86' lang='lat' dir='ltr'>per</span> <span class='ocrx_word' id='word_1_103' title='bbox 1120 2921 1454 2989; x_wconf 84' lang='lat' dir='ltr'>Victorem&#39;</span> <span class='ocrx_word' id='word_1_104' title='bbox 1488 2922 1797 2989; x_wconf 84' lang='lat' dir='ltr'>Pisanum</span> <span class='ocrx_word' id='word_1_105' title='bbox 1831 2948 2006 2989; x_wconf 88' lang='lat' dir='ltr'>anno</span> <span class='ocrx_word' id='word_1_106' title='bbox 2041 2925 2207 3005; x_wconf 75' lang='lat'>1488</span> <span class='ocrx_word' id='word_1_107' title='bbox 2241 2951 2479 3018; x_wconf 86' lang='lat' dir='ltr'>procu-</span> 
     </span>
     <span class='ocr_line' id='line_1_18' title="bbox 431 3028 2481 3113; baseline 0.001 -17"><span class='ocrx_word' id='word_1_108' title='bbox 431 3048 636 3097; x_wconf 78' lang='lat' dir='ltr'>ratam</span> <span class='ocrx_word' id='word_1_109' title='bbox 655 3077 674 3113; x_wconf 88' lang='lat'>,</span> <span class='ocrx_word' id='word_1_110' title='bbox 709 3029 906 3110; x_wconf 78' lang='lat' dir='ltr'>dicit:</span> <span class='ocrx_word' id='word_1_111' title='bbox 939 3030 1270 3095; x_wconf 81' lang='lat' dir='ltr'>Fabricius</span> <span class='ocrx_word' id='word_1_112' title='bbox 1301 3045 1370 3093; x_wconf 89' lang='lat' dir='ltr'>et</span> <span class='ocrx_word' id='word_1_113' title='bbox 1401 3028 1508 3095; x_wconf 84' lang='lat' dir='ltr'>alii</span> <span class='ocrx_word' id='word_1_114' title='bbox 1538 3030 1727 3093; x_wconf 86' lang='lat' dir='ltr'>aliam</span> <span class='ocrx_word' id='word_1_115' title='bbox 1760 3030 2049 3111; x_wconf 82' lang='lat' dir='ltr'>ejusdem</span> <span class='ocrx_word' id='word_1_116' title='bbox 2081 3033 2235 3096; x_wconf 89' lang='lat' dir='ltr'>anni</span> <span class='ocrx_word' id='word_1_117' title='bbox 2264 3034 2481 3098; x_wconf 90' lang='lat' dir='ltr'>Vene-</span> 
     </span>
     <span class='ocr_line' id='line_1_19' title="bbox 430 3135 2481 3224; baseline 0 -23"><span class='ocrx_word' id='word_1_118' title='bbox 430 3138 534 3201; x_wconf 77' lang='lat' dir='ltr'>tiis</span> <span class='ocrx_word' id='word_1_119' title='bbox 584 3137 816 3201; x_wconf 80' lang='lat' dir='ltr'>factam</span> <span class='ocrx_word' id='word_1_120' title='bbox 867 3152 1232 3201; x_wconf 87' lang='lat' dir='ltr'>memorant</span> <span class='ocrx_word' id='word_1_121' title='bbox 1275 3156 1393 3224; x_wconf 85' lang='lat' dir='ltr'>per</span> <span class='ocrx_word' id='word_1_122' title='bbox 1433 3136 1795 3201; x_wconf 80' lang='lat' dir='ltr'>Antonium</span> <span class='ocrx_word' id='word_1_123' title='bbox 1834 3135 1915 3199; x_wconf 79' lang='lat' dir='ltr'>de</span> <span class='ocrx_word' id='word_1_124' title='bbox 1949 3137 2173 3201; x_wconf 79' lang='lat' dir='ltr'>Strata</span> <span class='ocrx_word' id='word_1_125' title='bbox 2210 3138 2481 3202; x_wconf 88' lang='lat' dir='ltr'>Cremo-</span> 
     </span>
     <span class='ocr_line' id='line_1_20' title="bbox 437 3240 2481 3331; baseline 0.001 -24"><span class='ocrx_word' id='word_1_126' title='bbox 437 3264 742 3325; x_wconf 82' lang='lat' dir='ltr'>nensem3</span> <span class='ocrx_word' id='word_1_127' title='bbox 778 3240 988 3307; x_wconf 84' lang='lat' dir='ltr'>editor</span> <span class='ocrx_word' id='word_1_128' title='bbox 1011 3243 1426 3308; x_wconf 82' lang='lat' dir='ltr'>Collectionis</span> <span class='ocrx_word' id='word_1_129' title='bbox 1465 3242 1713 3307; x_wconf 83' lang='lat' dir='ltr'>Pisaur.</span> <span class='ocrx_word' id='word_1_130' title='bbox 1745 3265 1962 3331; x_wconf 90' lang='lat' dir='ltr'>poem.</span> <span class='ocrx_word' id='word_1_131' title='bbox 2006 3259 2073 3306; x_wconf 87' lang='lat' dir='ltr'>et</span> <span class='ocrx_word' id='word_1_132' title='bbox 2111 3264 2307 3307; x_wconf 85' lang='lat' dir='ltr'>carm.</span> <span class='ocrx_word' id='word_1_133' title='bbox 2343 3243 2481 3309; x_wconf 86' lang='lat' dir='ltr'>Lat.</span> 
     </span>
     <span class='ocr_line' id='line_1_21' title="bbox 433 3346 2483 3437; baseline -0.001 -22"><span class='ocrx_word' id='word_1_134' title='bbox 433 3366 618 3415; x_wconf 90' lang='lat' dir='ltr'>tomo</span> <span class='ocrx_word' id='word_1_135' title='bbox 653 3347 768 3430; x_wconf 77' lang='lat' dir='ltr'>lv,</span> <span class='ocrx_word' id='word_1_136' title='bbox 798 3347 1042 3437; x_wconf 86' lang='lat' dir='ltr'>proleg.</span> <span class='ocrx_word' id='word_1_137' title='bbox 1075 3371 1138 3436; x_wconf 89' lang='lat' dir='ltr'>p.</span> <span class='ocrx_word' id='word_1_138' title='bbox 1180 3346 1257 3413; x_wconf 85' lang='lat'>31</span> <span class='ocrx_word' id='word_1_139' title='bbox 1285 3396 1305 3431; x_wconf 86' lang='lat'>‚</span> <span class='ocrx_word' id='word_1_140' title='bbox 1337 3347 1454 3411; x_wconf 88' lang='lat' dir='ltr'>has</span> <span class='ocrx_word' id='word_1_141' title='bbox 1486 3346 1670 3435; x_wconf 87' lang='lat' dir='ltr'>quasi</span> <span class='ocrx_word' id='word_1_142' title='bbox 1709 3347 1869 3411; x_wconf 85' lang='lat' dir='ltr'>duas</span> <span class='ocrx_word' id='word_1_143' title='bbox 1902 3346 2217 3411; x_wconf 84' lang='lat' dir='ltr'>editiones</span> <span class='ocrx_word' id='word_1_144' title='bbox 2248 3346 2483 3413; x_wconf 79' lang='lat' dir='ltr'>distin·</span> 
     </span>
     <span class='ocr_line' id='line_1_22' title="bbox 435 3452 2484 3548; baseline 0 -28"><span class='ocrx_word' id='word_1_145' title='bbox 435 3456 577 3548; x_wconf 83' lang='lat' dir='ltr'>guit</span> <span class='ocrx_word' id='word_1_146' title='bbox 600 3454 686 3519; x_wconf 83' lang='lat' dir='ltr'>ita</span> <span class='ocrx_word' id='word_1_147' title='bbox 702 3501 723 3537; x_wconf 88' lang='lat'>‚</span> <span class='ocrx_word' id='word_1_148' title='bbox 747 3468 821 3518; x_wconf 89' lang='lat' dir='ltr'>ut</span> <span class='ocrx_word' id='word_1_149' title='bbox 845 3454 1284 3542; x_wconf 76' lang='lat' dir='ltr'>metaphrasin</span> <span class='ocrx_word' id='word_1_150' title='bbox 1319 3453 1493 3519; x_wconf 82' lang='lat' dir='ltr'>Arati</span> <span class='ocrx_word' id='word_1_151' title='bbox 1508 3502 1529 3537; x_wconf 90' lang='lat'><strong>,</strong></span> <span class='ocrx_word' id='word_1_152' title='bbox 1555 3476 1709 3517; x_wconf 90' lang='lat' dir='ltr'>cum</span> <span class='ocrx_word' id='word_1_153' title='bbox 1736 3452 2197 3543; x_wconf 83' lang='lat' dir='ltr'>Geographicis</span> <span class='ocrx_word' id='word_1_154' title='bbox 2218 3454 2484 3539; x_wconf 80' lang='lat' dir='ltr'>Avieni,</span> 
     </span>
     <span class='ocr_line' id='line_1_23' title="bbox 435 3558 2487 3651; baseline -0 -22"><span class='ocrx_word' id='word_1_155' title='bbox 435 3561 611 3651; x_wconf 86' lang='lat' dir='ltr'>apud</span> <span class='ocrx_word' id='word_1_156' title='bbox 664 3560 1020 3625; x_wconf 85' lang='lat' dir='ltr'>Antonium</span> <span class='ocrx_word' id='word_1_157' title='bbox 1072 3559 1151 3625; x_wconf 80' lang='lat' dir='ltr'>de</span> <span class='ocrx_word' id='word_1_158' title='bbox 1206 3558 1424 3624; x_wconf 80' lang='lat' dir='ltr'>Strata</span> <span class='ocrx_word' id='word_1_159' title='bbox 1439 3608 1461 3641; x_wconf 92' lang='lat'>‚</span> <span class='ocrx_word' id='word_1_160' title='bbox 1516 3558 1951 3648; x_wconf 80' lang='lat' dir='ltr'>metaphrasin</span> <span class='ocrx_word' id='word_1_161' title='bbox 2012 3558 2311 3649; x_wconf 80' lang='lat' dir='ltr'>Dionysii</span> <span class='ocrx_word' id='word_1_162' title='bbox 2366 3585 2487 3651; x_wconf 89' lang='lat' dir='ltr'>per</span> 
     </span>
     <span class='ocr_line' id='line_1_24' title="bbox 438 3664 2487 3756; baseline 0.001 -24"><span class='ocrx_word' id='word_1_163' title='bbox 438 3669 769 3733; x_wconf 82' lang='lat' dir='ltr'>Victorem</span> <span class='ocrx_word' id='word_1_164' title='bbox 816 3666 1124 3731; x_wconf 79' lang='lat' dir='ltr'>Pisanum</span> <span class='ocrx_word' id='word_1_165' title='bbox 1160 3665 1478 3756; x_wconf 87' lang='lat' dir='ltr'>prodiisse</span> <span class='ocrx_word' id='word_1_166' title='bbox 1525 3664 1735 3746; x_wconf 80' lang='lat' dir='ltr'>dicat3</span> <span class='ocrx_word' id='word_1_167' title='bbox 1770 3681 1836 3729; x_wconf 87' lang='lat' dir='ltr'>et</span> <span class='ocrx_word' id='word_1_168' title='bbox 1879 3664 2021 3730; x_wconf 87' lang='lat' dir='ltr'>Nic.</span> <span class='ocrx_word' id='word_1_169' title='bbox 2054 3667 2383 3733; x_wconf 81' lang='lat' dir='ltr'>Antonius</span> <span class='ocrx_word' id='word_1_170' title='bbox 2414 3669 2487 3734; x_wconf 87' lang='lat' dir='ltr'>in</span> 
     </span>
    </p>

    <p class='ocr_par' dir='ltr' id='par_1_9' title="bbox 313 3744 2495 4287">
     <span class='ocr_line' id='line_1_25' title="bbox 313 3744 2489 3862; baseline -0.001 -19"><span class='ocrx_word' id='word_1_171' title='bbox 313 3744 340 3843; x_wconf 60' lang='lat' dir='ltr'><em>l</em></span> <span class='ocrx_word' id='word_1_172' title='bbox 441 3774 602 3840; x_wconf 87' lang='lat' dir='ltr'>Bibl.</span> <span class='ocrx_word' id='word_1_173' title='bbox 621 3788 750 3838; x_wconf 83' lang='lat' dir='ltr'>vet.</span> <span class='ocrx_word' id='word_1_174' title='bbox 769 3772 953 3861; x_wconf 82' lang='lat' dir='ltr'>Hisp.</span> <span class='ocrx_word' id='word_1_175' title='bbox 978 3772 1093 3838; x_wconf 88' lang='lat' dir='ltr'>lib.</span> <span class='ocrx_word' id='word_1_176' title='bbox 1119 3773 1216 3855; x_wconf 90' lang='lat'>11,</span> <span class='ocrx_word' id='word_1_177' title='bbox 1236 3796 1373 3862; x_wconf 88' lang='lat' dir='ltr'>cap.</span> <span class='ocrx_word' id='word_1_178' title='bbox 1398 3794 1465 3859; x_wconf 90' lang='lat'>9,</span> <span class='ocrx_word' id='word_1_179' title='bbox 1491 3794 1639 3861; x_wconf 83' lang='lat' dir='ltr'>pag.</span> <span class='ocrx_word' id='word_1_180' title='bbox 1666 3772 1780 3836; x_wconf 84' lang='lat'>161</span> <span class='ocrx_word' id='word_1_181' title='bbox 1806 3820 1823 3848; x_wconf 90' lang='lat'>‚</span> <span class='ocrx_word' id='word_1_182' title='bbox 1843 3769 2138 3837; x_wconf 82' lang='lat' dir='ltr'>adfirmat</span> <span class='ocrx_word' id='word_1_183' title='bbox 2160 3794 2230 3837; x_wconf 87' lang='lat' dir='ltr'>se</span> <span class='ocrx_word' id='word_1_184' title='bbox 2252 3772 2489 3841; x_wconf 79' lang='lat' dir='ltr'>vidisse</span> 
     </span>
     <span class='ocr_line' id='line_1_26' title="bbox 443 3876 2492 3945; baseline 0 -2"><span class='ocrx_word' id='word_1_185' title='bbox 443 3879 682 3944; x_wconf 81' lang='lat' dir='ltr'>editam</span> <span class='ocrx_word' id='word_1_186' title='bbox 711 3876 942 3942; x_wconf 89' lang='lat' dir='ltr'>eodem</span> <span class='ocrx_word' id='word_1_187' title='bbox 971 3900 1148 3943; x_wconf 82' lang='lat' dir='ltr'>anno</span> <span class='ocrx_word' id='word_1_188' title='bbox 1174 3878 1463 3943; x_wconf 84' lang='lat' dir='ltr'>Venetiis</span> <span class='ocrx_word' id='word_1_189' title='bbox 1489 3899 1527 3941; x_wconf 85' lang='lat' dir='ltr'>a</span> <span class='ocrx_word' id='word_1_190' title='bbox 1558 3876 1803 3941; x_wconf 78' lang='lat' dir='ltr'>Thomu</span> <span class='ocrx_word' id='word_1_191' title='bbox 1834 3876 1911 3941; x_wconf 83' lang='lat' dir='ltr'>de</span> <span class='ocrx_word' id='word_1_192' title='bbox 1936 3876 2151 3942; x_wconf 80' lang='lat' dir='ltr'>Blavis</span> <span class='ocrx_word' id='word_1_193' title='bbox 2180 3878 2264 3943; x_wconf 79' lang='lat' dir='ltr'>de</span> <span class='ocrx_word' id='word_1_194' title='bbox 2286 3878 2492 3945; x_wconf 71' lang='lat' dir='ltr'>Alex-</span> 
     </span>
     <span class='ocr_line' id='line_1_27' title="bbox 442 3982 2491 4050; baseline 0 -2"><span class='ocrx_word' id='word_1_195' title='bbox 442 3983 698 4048; x_wconf 83' lang='lat' dir='ltr'>andria.</span> <span class='ocrx_word' id='word_1_196' title='bbox 728 3984 829 4049; x_wconf 84' lang='lat' dir='ltr'>Ad</span> <span class='ocrx_word' id='word_1_197' title='bbox 855 3982 1325 4050; x_wconf 81' lang='lat' dir='ltr'>conciliandam</span> <span class='ocrx_word' id='word_1_198' title='bbox 1351 3983 1523 4047; x_wconf 84' lang='lat' dir='ltr'>hanc</span> <span class='ocrx_word' id='word_1_199' title='bbox 1556 3983 2023 4049; x_wconf 86' lang='lat' dir='ltr'>sententiarum</span> <span class='ocrx_word' id='word_1_200' title='bbox 2055 3983 2491 4049; x_wconf 81' lang='lat' dir='ltr'>diversitatem</span> 
     </span>
     <span class='ocr_line' id='line_1_28' title="bbox 442 4084 2495 4179; baseline -0.002 -23"><span class='ocrx_word' id='word_1_201' title='bbox 442 4088 650 4156; x_wconf 85' lang='lat' dir='ltr'>David</span> <span class='ocrx_word' id='word_1_202' title='bbox 683 4090 959 4157; x_wconf 65' lang='lat' dir='ltr'>clement</span> <span class='ocrx_word' id='word_1_203' title='bbox 1005 4084 1463 4179; x_wconf 58' lang='lat' dir='ltr'>(Bibuothbque</span> <span class='ocrx_word' id='word_1_204' title='bbox 1504 4090 1776 4154; x_wconf 75' lang='lat' dir='ltr'>cun&#39;euse</span> <span class='ocrx_word' id='word_1_205' title='bbox 1789 4136 1810 4171; x_wconf 86' lang='lat'><em>,</em></span> <span class='ocrx_word' id='word_1_206' title='bbox 1866 4088 2209 4179; x_wconf 50' lang='lat' dir='ltr'>&amp;torique</span> <span class='ocrx_word' id='word_1_207' title='bbox 2254 4104 2319 4156; x_wconf 78' lang='lat' dir='ltr'>et</span> <span class='ocrx_word' id='word_1_208' title='bbox 2364 4094 2495 4156; x_wconf 75' lang='lat' dir='ltr'>cn·-</span> 
     </span>
     <span class='ocr_line' id='line_1_29' title="bbox 453 4193 2494 4287; baseline -0 -26"><span class='ocrx_word' id='word_1_209' title='bbox 453 4199 650 4286; x_wconf 77' lang='lat' dir='ltr'>tique,</span> <span class='ocrx_word' id='word_1_210' title='bbox 702 4212 864 4263; x_wconf 78' lang='lat' dir='ltr'>tome</span> <span class='ocrx_word' id='word_1_211' title='bbox 907 4198 980 4283; x_wconf 88' lang='lat'>1,</span> <span class='ocrx_word' id='word_1_212' title='bbox 1011 4222 1086 4287; x_wconf 82' lang='lat' dir='ltr'>p.</span> <span class='ocrx_word' id='word_1_213' title='bbox 1141 4194 1312 4284; x_wconf 81' lang='lat'>286)</span> <span class='ocrx_word' id='word_1_214' title='bbox 1346 4196 1733 4284; x_wconf 68' lang='lat' dir='ltr'>suspicatur,</span> <span class='ocrx_word' id='word_1_215' title='bbox 1785 4193 1945 4261; x_wconf 80' lang='lat' dir='ltr'>duas</span> <span class='ocrx_word' id='word_1_216' title='bbox 1994 4212 2210 4285; x_wconf 85' lang='lat' dir='ltr'>partes</span> <span class='ocrx_word' id='word_1_217' title='bbox 2259 4195 2494 4267; x_wconf 85' lang='lat' dir='ltr'>Veneti</span> 
     </span>
    </p>
   </div>
  </div>
 </body>
</html>
