2996 4685
924 364 1494 464 EDITIOPJES
1559 363 1935 434 AVIENI.
2394 364 2485 459 73

459 513 770 582 gnoscere
787 514 862 556 ex
881 492 1010 566 hoc
1025 494 1342 583 Dionysio
1361 511 1474 558 tua
1489 495 1569 558 R.
1587 492 1660 558 P.
1682 492 1981 558 voluerit.
1999 492 2207 556 Vertit
2226 507 2293 557 et
2307 492 2487 558 hunc

459 599 526 660 in
555 597 826 661 latinum
849 597 1216 664 Priscianus
1239 597 1640 665 Caesatien‘sis
1659 646 1677 679 ,
1700 598 1970 689 insignis
1998 599 2450 688 grammaticus
2466 646 2485 679 ,

455 704 590 784 vel,
633 717 711 766 ut
753 703 857 768 alii
905 706 1134 770 volunt
1151 755 1170 790 ,
1217 705 1577 770 Rhemnius
1623 705 1928 770 Fannius.
1988 704 2223 770 Nostra
2269 720 2488 770 autem

457 823 642 874 aetate
670 808 996 877 Antonius
1041 810 1342 876 Becharia
1376 811 1766 876 Veronensis
1786 859 1806 892 ,
1840 811 1981 900 lege
2016 809 2317 874 carminis
2349 829 2487 874 non

459 911 810 979 observata.
837 916 1254 980 Contulirnus
1285 916 1407 981 hos
1439 937 1688 999 omnes,
1715 933 1781 982 et
1805 931 2058 981 nostras
2083 937 2349 1004 quoque
2372 914 2491 980 ad-

459 1019 825 1086 notationes
857 1021 1311 1110 descripsimus
1340 1022 1409 1086 in
1433 1021 2071 1104 commentariolum3
2094 1043 2488 1110 quamquam

457 1124 874 1192 Eustathium
907 1128 1080 1194 inter
1109 1127 1366 1194 Graecos
1398 1129 1468 1193 in
1495 1128 1885 1218 Dionysium
1914 1128 2046 1193 hoc
2086 1122 2313 1192 fecisse
2350 1147 2489 1190 non

457 1230 831 1321 ignoremus
851 1259 872 1316 ς
900 1250 1117 1300 tamen
1149 1235 1426 1325 plurima
1444 1236 1680 1300 soeculo
1703 1251 1932 1300 nostro
1960 1249 2119 1299 sunt
2139 1247 2207 1298 et
2228 1232 2494 1297 inventa

457 1335 600 1402 loca
633 1339 814 1428 prius
849 1341 1072 1431 ignota
1090 1390 1109 1425 ,
1159 1357 1227 1407 et
1260 1365 1296 1406 a
1340 1341 1765 1431 scriptoribus
1795 1338 2243 1412 vetustissimis
2283 1337 2491 1428 negle-

457 1459 599 1509 cta:
639 1468 835 1533 quem
870 1445 1251 1536 propediem
1283 1463 1410 1512 tuae
1449 1449 1530 1513 R.
1576 1448 1648 1513 P.
1682 1447 1956 1513 mittam.
2000 1444 2270 1512 Interim
2301 1459 2491 1510 tuum

456 1571 734 1638 agnosce
769 1552 1069 1619 clientem
1103 1552 1581 1620 deditissimum
1597 1601 1618 1636 ‚
1660 1569 1727 1619 et
1764 1554 1893 1618 hoc
1919 1552 2157 1619 amoris
2191 1551 2426 1641 pignus
2456 1573 2495 1614 a

457 1675 564 1719 me
588 1656 843 1746 suscipe
864 1659 1102 1741 fronte,
1123 1681 1253 1747 qua
1277 1655 1464 1735 soles,
1493 1679 1741 1724 serena.
1757 1657 1916 1724 Vale
1942 1672 2009 1722 et
2035 1679 2141 1722 me
2171 1674 2497 1721 commen·

362 1823 368 1831 ,
461 1756 688 1824 datum
725 1760 965 1827 habeto
984 1793 1034 1827 ι.

546 1864 788 1954 Pagina
843 1883 1157 1954 sequente
1213 1868 1551 1956 inscriptio
1610 1867 1908 1932 carminis
1970 1867 2108 1931 haec
2170 1864 2439 1954 ponitur
2476 1887 2494 1928 ι

459 1971 670 2037 DION
681 1971 820 2038 lsu
887 1971 1398 2040 PERIEGESIS.
1462 1974 1517 2039 I.
1582 1972 1821 2039 SITVS
1888 1973 2133 2038 ORBIS
2214 1970 2496 2036 RVFFO

463 2074 788 2142 AVIENO
845 2078 1410 2144 INTERPRETE.
1483 2080 1871 2145 Memoravit
1922 2079 2093 2144 hanc
2148 2076 2497 2144 editionem

461 2181 656 2248 Mich.
689 2184 1023 2268 Denisius,
1054 2185 1125 2249 in
1165 2185 1452 2250 Historia
1485 2185 1957 2276 Typographiae
1992 2183 2377 2250 Viennensis
2415 2181 2499 2247 ad

462 2311 710 2362 annum
749 2313 961 2381 usque
995 2289 1162 2359 1560
1201 2291 1512 2381 perducta
1531 2340 1551 2375 ‚
1604 2315 1748 2384 pag.
1782 2314 1883 2380 19.
1917 2290 2047 2357 Sed
2077 2289 2405 2357 Fabricius
2434 2303 2501 2353 et

459 2397 670 2461 caeteri
701 2420 929 2463 omnes
945 2445 964 2480 ,
990 2398 1104 2486 qui
1134 2396 1217 2463 de
1249 2397 1671 2487 scriptoribus
1700 2400 1943 2465 Latinis
1976 2414 2281 2489 egerunt,
2308 2396 2500 2487 igno-

457 2517 641 2583 rant;
674 2525 888 2591 neque
914 2525 1142 2568 eorum
1170 2503 1612 2587 eruditorum,
1647 2504 1759 2592 qui
1789 2505 2111 2571 Avienum
2142 2515 2502 2569 tractarunt

460 2605 841 2695 aliquando,
881 2608 1099 2673 inveni
1147 2631 1581 2698 quemquam,
1627 2609 1739 2697 qui
1770 2607 2111 2675 adduxerit
2142 2609 2246 2674 vel
2278 2606 2501 2673 lauda-

461 2717 566 2777 rit.
589 2715 738 2801 Ipse
762 2714 975 2779 habeo
1001 2714 1172 2779 inter
1197 2736 1410 2797 meos,
1445 2730 1512 2779 et
1542 2715 1760 2804 magni
1786 2714 1973 2779 facio.

355 2932 485 2998 Ἰν.
517 2963 544 2988 ι
565 2931 844 2997 Dionisii
873 2932 1012 3015 Afri
1042 2931 1322 2998 ambitus
1360 2932 1535 2997 orbis
1563 2955 1578 2998 ε
1612 2933 1787 3002 Rufo
1821 2932 2015 2997 Festo
2043 2932 2290 2997 Avieno
2317 2953 2502 3021 para-

462 3038 764 3127 phraste:
809 3038 1290 3129 castigatissime
1325 3039 1699 3128 impressus.
1747 3037 2122 3129 Perlegente
2168 3054 2236 3103 et
2274 3036 2504 3101 ‹tonfe-

463 3161 647 3210 rente
679 3145 884 3233 proba
913 3146 1300 3236 exemplaria
1331 3146 1667 3211 Ioachimo
1694 3144 1985 3209 Vadiano
2011 3142 2305 3209 Helvetio
2330 3165 2346 3207 ε
2389 3143 2503 3228 qui

465 3250 700 3338 partim
730 3250 1006 3316 aliorum
1033 3251 1282 3333 judicio
1304 3301 1323 3336 ,
1369 3251 1605 3343 partim
1635 3273 1759 3317 suo
1790 3250 2009 3316 studio
2043 3265 2109 3315 et
2138 3248 2467 3338 diligentia
2485 3296 2504 3329 ‚

465 3355 770 3444 pleraque
800 3354 938 3420 loca
955 3404 974 3438 ,
1007 3380 1152 3444 quae
1182 3358 1452 3422 antehac
1479 3356 1901 3422 viciosissime
1936 3356 2246 3441 impressa
2279 3370 2466 3417 erant
2484 3400 2503 3437 ‚

464 3460 532 3523 in
577 3482 996 3525 communem
1043 3461 1485 3527 studiosorum
1532 3462 1875 3527 utilitatem
1923 3458 2241 3524 restituit:
2280 3458 2506 3523 obser-

465 3582 606 3629 vata
649 3562 1078 3630 clausularum
1128 3568 1623 3656 carminumque
1667 3580 1885 3632 exacta
1930 3562 2385 3630 distinctione:
2432 3582 2508 3631 ut

460 3672 591 3751 jam
623 3671 725 3736 vel
755 3668 1168 3737 mediocriter
1195 3673 1432 3739 eruditi
1468 3696 1547 3739 ex
1574 3673 1851 3753 Avien0,
1900 3670 2121 3737 studio
2157 3672 2353 3737 etiam
2384 3672 2509 3761 pri-

467 3793 614 3841 vato
631 3825 650 3858 ,
685 3774 997 3866 proficere
1023 3777 1284 3843 abunde
1312 3780 1562 3868 possint
1582 3810 1627 3844 ι.
1660 3780 1813 3845 Hoec
1839 3778 2288 3862 commonitiO,
2308 3779 2509 3843 instar

466 3884 885 3972 praefationis,
919 3884 987 3948 in
1015 3884 1230 3949 fronte
1258 3885 1406 3950 libri
1431 3885 1677 3973 posita,
1714 3885 1967 3975 ipsique
2002 3884 2191 3950 titulo
2221 3884 2509 3967 subjecta

469 4004 588 4053 est.
615 3990 854 4054 Textus
887 3990 1104 4055 statim
1137 3989 1368 4081 pagina
1404 4013 1628 4057 aversa
1658 3992 1909 4082 incipit.
1955 3994 2033 4056 In
2068 3988 2197 4055 fine
2227 3990 2504 4079 legitur:

469 4092 822 4161 «vadianus
855 4096 1119 4163 tandem
1169 4120 1366 4163 nevos
1414 4115 1480 4163 et
1518 4122 1817 4166 verrucas
1858 4121 1981 4187 pro
2010 4096 2177 4163 virili
2207 4094 2502 4161 sustulit:
