2996 4685
606 410 751 483 600
1374 416 1457 483 R.
1510 416 1582 482 F.
1632 414 1980 484 AVIENI

709 533 832 604 Illa
869 533 1103 621 docet,
1139 534 1386 629 quibus
1430 536 1500 604 in
1543 533 1727 604 rutili
1765 533 2060 603 confinia
2096 532 2320 605 fratris

703 644 926 713 Tertia
956 643 1067 712 vix
1102 642 1355 714 mundo
1392 658 1701 738 superest
1722 643 1853 713 via.
1883 644 2118 733 Quum
2152 646 2374 715 minus
2407 663 2637 719 autem

702 754 1119 824 Umbrarum
1153 754 1488 842 excludit,
1517 769 1676 824 sunt
1709 753 1875 823 tales
1911 768 2201 849 quatuor
2240 772 2425 827 ortus

692 864 1061 935 Mat-centis
1098 869 1341 954 Lunae,
1367 864 1600 961 quales
1639 864 1762 933 sub
1800 876 2027 933 mense
2063 880 2296 937 renato

690 974 1003 1063 Quatuor
1036 989 1412 1070 exsurgunt
1448 973 1827 1070 languentis
1859 972 2129 1045 luminis
2165 978 2453 1063 umbra-3

689 1092 910 1185 Atque
948 1090 1051 1159 his
1092 1106 1373 1162 octonas
1412 1088 1772 1162 includunt
1803 1088 2039 1160 ordine
2069 1089 2270 1162 luces.

691 1200 1200 1293 Interjectorum
1231 1224 1587 1271 numerum
1624 1212 1893 1295 quoque
1928 1224 2122 1271 nosse
2156 1201 2412 1272 dierum
2431 1256 2452 1287 ,

687 1312 1005 1404 Prompta
1030 1309 1137 1380 via
1172 1327 1300 1399 est3
1333 1311 1612 1405 proprio
1647 1334 1906 1403 semper
1936 1312 2082 1379 Dea
2122 1310 2432 1405 proditur
2463 1338 2587 1381 ore
2609 1366 2628 1396 ‚

685 1418 976 1489 Scandat
1012 1435 1264 1515 quanta
1300 1412 1532 1521 polum
1553 1472 1572 1508 ,
1600 1421 1861 1515 quoties
1897 1433 2160 1489 temone
2187 1419 2444 1516 jugales

684 1530 1074 1615 strinxerit,
1100 1546 1168 1600 et
1200 1544 1453 1626 quanto
1487 1530 1628 1625 jam
1671 1530 1938 1599 tramite
1975 1529 2246 1625 liquerit
2280 1532 2522 1603 undas.

782 1642 874 1709 At
909 1639 1287 1711 decedentis
1326 1654 1662 1737 postrema
1697 1639 2088 1734 crepuscula
2125 1642 2372 1725 noctis,

684 1752 793 1820 Bis
826 1776 941 1821 sex
974 1750 1163 1847 signa
1199 1753 1326 1822 tibi
1361 1777 1511 1846 quae
1539 1766 1755 1821 versat
1779 1750 2056 1847 signifer
2091 1751 2272 1821 orbis

680 1862 1184 1952 Monstrabunt3
1212 1888 1411 1932 cursu
1446 1886 1600 1931 nam
1640 1860 1929 1930 Phoebus
1963 1860 2224 1955 singula
2259 1876 2476 1932 mutat

680 1976 980 2068 Semper,
1012 1989 1080 2045 et
1118 1973 1377 2044 alterno
1412 1972 1705 2043 succedit
1740 1972 1810 2040 in
1846 1972 2074 2040 omnia
2113 1969 2304 2065 lapsu
2667 2006 2717 2041 ³0

678 2084 1060 2155 Conficicns
1101 2086 1227 2155 iter
1266 2084 1644 2154 aetherium.
1680 2085 1884 2154 Nunc
1919 2082 2153 2176 igneus
2187 2082 2364 2151 istud

674 2197 947 2263 Astrum
979 2193 1204 2264 adolet
1243 2194 1561 2279 flammis;
1590 2190 1701 2261 alii
1739 2215 1874 2260 non
1914 2215 2117 2260 aurea
2140 2190 2338 2261 Titan

676 2300 967 2373 Lumina
1006 2303 1348 2389 miscetur,
1373 2301 1477 2372 vel
1521 2326 1732 2397 quum
1771 2301 2060 2371 devexus
2095 2302 2164 2370 in
2201 2302 2414 2372 undas

670 2412 979 2498 Labitur,
1010 2427 1077 2480 et
1113 2413 1309 2482 rebus
1343 2411 1634 2482 formam
1665 2411 2089 2506 d'bsumpsere
2127 2413 2444 2500 tenebrae3

674 2519 801 2590 vel
830 2516 1168 2592 matutino
1203 2523 1375 2592 redit
1415 2520 1822 2592 incunabula
1859 2521 2167 2617 linquens
2665 2555 2717 2591 35

675 2633 906 2722 Quum
943 2631 1210 2728 pelago,
1239 2648 1306 2702 et
1343 2635 1542 2703 rebus
1582 2632 1865 2704 suffudit
1900 2631 2049 2702 luce
2079 2631 2354 2704 colores.

668 2745 779 2813 Sic
817 2742 1075 2813 diversa
1111 2743 1289 2814 diem
1324 2738 1732 2814 comitantur
1767 2743 1984 2813 sidera
2019 2769 2293 2839 semper.

665 2858 825 2927 Non
865 2879 990 2949 ego
1031 2879 1211 2924 nunc
1254 2852 1458 2950 longo
1494 2853 1840 2922 redeuntia
1875 2852 2088 2923 sidera
2126 2868 2316 2923 motu

666 2969 745 3033 In
783 2965 1033 3058 priscas
1068 2989 1428 3034 memorem
1468 2963 1688 3050 sedes3
1715 2963 1916 3032 habet
1952 2964 2077 3032 ista
2112 2964 2411 3057 priorum

666 3074 952 3168 Pagina,
980 3088 1047 3144 et
1077 3074 1329 3144 incerta
1366 3097 1589 3143 rerum
1625 3074 1885 3142 ratione
1921 3072 2249 3142 feruntur.
2651 3108 2708 3144 ⁴0

663 3187 841 3256 Nam
870 3185 988 3279 qui
1040 3184 1263 3254 Solem
1298 3184 1582 3254 hiberna
1617 3208 1858 3252 novem
1900 3197 2098 3277 putat
2131 3182 2374 3252 aethere
2403 3183 2620 3269 volvi,

666 3297 763 3364 Ut
794 3295 1004 3363 Lunae
1040 3295 1329 3388 spatium
1368 3293 1627 3380 redeat,
1654 3308 1842 3362 vetus
1881 3292 2257 3386 HarpaluS‚
2284 3294 2496 3388 ipsam

660 3405 873 3478 Ocius
908 3405 979 3475 in
1023 3404 1211 3477 sedes
1244 3418 1716 3500 momentaque
1751 3405 1969 3499 prisca
2007 3403 2284 3472 reducit.

658 3514 852 3585 Illius
886 3514 973 3586 ad
1008 3539 1323 3586 numeros
1360 3514 1628 3609 prolixa
1668 3512 1988 3584 decennia
2025 3536 2290 3583 rursum

665 3626 995 3720 Adjecisse
1033 3629 1265 3696 Meton
1304 3625 1628 3720 Cecropia
1665 3624 1910 3693 dicitur
1942 3638 2125 3708 arte3
2643 3655 2700 3695 ⁴5

636 3885 727 3934 ²9,
760 3869 844 3920 30.
886 3873 1231 3922 monstrabam
1243 3891 1263 3930 ,-
1290 3889 1433 3922 cursu
1458 3889 1578 3922 nam
1663 3869 1882 3942 Semper
1909 3881 1960 3923 et
1987 3870 2192 3922 alterno
2218 3865 2452 3922 succedit
2477 3868 2540 3922 in
2565 3887 2696 3921 om-

557 3949 754 3999 Phoebas
773 3949 964 4015 singula
993 3963 1152 4000 mutat
1178 3953 1390 4017 Semper,
1419 3965 1469 4002 ει
1503 3953 1576 4001 al·
1662 3949 1749 4002 nia
1773 3949 1929 4021 lapsu
1945 3975 1987 4000 ιο.

558 4042 695 4077 cerno
730 4029 946 4077 succedit
968 4030 1020 4078 in
1046 4031 1214 4080 omnia
1245 4031 1402 4095 lapsu.
1430 4029 1576 4082 Male
1734 4035 1819 4090 40.
1855 4035 2054 4080 Incerta
2089 4047 2248 4079 rerum
2275 4028 2481 4078 mione.
2521 4025 2694 4078 Cous.

556 4105 716 4176 vulgo
731 4103 1147 4178 inm-pungitur:
1166 4107 1576 4162 «Momm-abunt
1664 4109 1844 4163 Phoen.
1869 4128 1919 4162 v.
1947 4109 2095 4176 1289.
2123 4109 2230 4161 Ευ.

556 4201 713 4235 cursu
730 4202 748 4250 3
766 4201 890 4237 mm
911 4184 1142 4238 Phoebus
1154 4185 1358 4258 singula
1386 4199 1572 4253 mutat,
1734 4188 1911 4254 41-43.
1965 4193 2092 4239 Nam
2143 4190 2230 4256 qui
2265 4189 2412 4238 solem
2457 4186 2698 4249 hyberna
