2996 4685
627 383 770 450 AD
830 383 1351 454 DESCRIPT.
1409 387 1711 454 ORBIS
1761 388 2141 458 TERRAE.
2314 389 2453 490 369

323 505 589 567 nomine
623 504 824 591 ipsam
865 503 1096 567 urbem
1129 503 1505 594 designans,
1543 523 1615 570 ut
1650 511 1907 575 monuit
1940 509 2226 598 Heynius
2262 513 2339 577 V.
2375 515 2448 580 C.

251 611 260 626 '
322 605 391 667 in
415 605 566 668 Exc.
591 605 622 667 1
653 603 735 668 ad
759 603 908 668 AEn.
939 605 1056 686 ΙΙΙ,
1083 621 1128 668 t.
1157 605 1241 686 11,
1267 629 1331 693 p.
1354 605 1481 685 443
1513 606 1661 676 edit..
1692 625 1861 674 nost.
1884 611 2002 674 En.
2030 611 2213 675 —Et
2244 615 2447 680 miror

320 727 474 768 sane
490 753 509 786 ‚
541 705 787 770 nemini
816 705 1244 794 interpretum
1263 753 1282 787 ,
1309 729 1430 794 pro
1457 725 1761 798 corrupta
1786 710 2061 777 lectione
2081 715 2295 778 AEnea
2315 715 2449 779 cla-

320 827 462 868 rum
510 805 856 886 laboranti,
899 806 966 868 in
1005 823 1292 870 mentem
1333 809 1619 890 venisse,
1665 812 1985 875 Avienum
2034 813 2329 897 fortasse,
2368 817 2447 880 ad

317 909 686 996 exemplum
741 906 935 986 hujus
988 906 1164 971 urbis
1205 911 1422 974 AEnioe
1437 957 1459 990 ,
1514 911 1723 999 ipsam
1762 913 2035 976 Romam
2085 914 2208 979 sub
2241 917 2450 981 AEnea

316 1009 703 1074 intellexisse
721 1057 738 1089 ,
784 1023 978 1097 eaput
1014 1009 1272 1098 populis
1313 1009 1559 1088 datum.
1599 1010 1727 1076 Sed
1763 1030 1836 1077 ut
1882 1013 1962 1076 de
1998 1014 2265 1080 Heinsio
2298 1040 2449 1106 per-

316 1132 493 1199 gam,
536 1109 709 1173 idem
749 1110 926 1174 Alba
965 1111 1297 1198 sequentis
1340 1133 1562 1175 versus
1612 1113 1829 1176 retulit
1882 1113 1961 1176 ad
2018 1116 2298 1202 priorem
2318 1168 2335 1200 ,
2384 1137 2449 1183 et

315 1225 526 1276 cautes
583 1211 972 1276 mutandum
1027 1213 1280 1299 putavit
1328 1213 1394 1274 in
1451 1213 1729 1276 Caulon:

678 1403 904 1417 .......
933 1365 1144 1437 populis
1170 1376 1328 1436 capnt
1353 1363 1708 1421 AEneadarum

665 1450 794 1501 Alba
815 1486 830 1510 ,
864 1446 1058 1502 dehinc
1076 1448 1284 1501 Caulon
1309 1461 1386 1500 est
1408 1448 1676 1500 terminus.

312 1617 560 1682 Caulon
597 1641 751 1680 vero
794 1631 889 1681 est
937 1617 1094 1680 urbs
1143 1616 1460 1679 maritima
1493 1617 1561 1679 in
1598 1617 1833 1680 Brut‘iis
1876 1635 2176 1684 extremae
2210 1624 2433 1696 Italiae.

312 1742 510 1807 quam
555 1718 786 1782 Strabo
839 1733 903 1779 et
933 1717 1206 1780 Plinius
1261 1739 1384 1780 suo
1444 1733 1739 1805 tempore
1798 1715 2117 1783 desertam
2170 1721 2447 1801 jacuisse
2494 1775 2497 1780 .

311 1819 621 1906 produnt.
667 1819 812 1900 Qua
865 1818 1121 1882 infelice
1166 1817 1577 1898 conjectura,
1622 1833 1695 1880 ut
1731 1816 1976 1895 judicat
2016 1820 2443 1906 Schraderus,

308 1923 525 1984 locum
561 1921 852 2008 Dionysii
889 1941 956 1983 se
994 1942 1126 1982 non
1161 1919 1551 1981 intellexisse
1588 1917 1790 1982 fassus
1828 1938 1926 1984 est
1958 1922 2280 1987 Heinsius,
2305 1927 2447 1990 Alia

312 2020 594 2108 denique
629 2038 726 2084 est
757 2020 1198 2106 interpretatio
1227 2021 1305 2081 V.
1342 2021 1411 2082 C.
1449 2019 1617 2082 Petri
1664 2019 2023 2102 Fonteinii,
2070 2024 2255 2103 cujus
2296 2048 2445 2090 sen-

309 2123 574 2187 tentiam
609 2122 744 2186 suis
781 2121 980 2210 ipsius
1017 2121 1227 2183 verbis
1265 2120 1760 2184 Friesemannus
1799 2121 1864 2184 in
1902 2123 2079 2209 praef.
2111 2123 2193 2186 ad
2217 2127 2445 2190 Avieni

309 2226 528 2288 Descr.
560 2223 717 2288 orb.
743 2246 886 2312 pag.
920 2227 997 2300 14
1029 2245 1162 2309 seq.
1200 2221 1439 2284 retulit.
1483 2221 1599 2284 Ille
1641 2221 2055 2288 scribendum
2105 2243 2169 2287 et
2211 2225 2443 2290 distin'-

304 2325 636 2413 guendum
672 2324 992 2389 existimat
1012 2348 1024 2386 :

661 2510 923 2525 ........
963 2471 1149 2544 populi
1177 2485 1340 2545 caput
1359 2470 1715 2525 AEneadarum

652 2558 810 2621 Alba,
838 2556 1034 2608 dehinc
1065 2568 1240 2607 cautes
1259 2596 1272 2619 ,
1295 2568 1370 2606 est
1399 2556 1673 2608 terminus.

299 2722 550 2810 Nempe
594 2719 1076 2784 distinctionem
1117 2717 1208 2781 ait
1261 2741 1392 2780 non
1433 2716 1805 2805 ponendam
1851 2738 1989 2781 esse
2022 2738 2171 2806 post
2204 2724 2437 2789 AEnea-

299 2823 558 2901 darum,
610 2819 725 2885 sed
768 2835 918 2908 post
959 2816 1172 2896 Alba,·
1213 2817 1412 2905 idque
1467 2838 1710 2882 nomen
1772 2818 2312 2907 haudquaquam,
2361 2842 2435 2889 ut

295 2923 680 3004 adjectivum
729 2918 1265 3008 conjungendum
1306 2941 1446 2983 esse
1491 2918 1657 2982 cum'
1688 2936 1940 2999 cautes5
1989 2921 2137 2985 licet
2172 2940 2435 2989 caetero-

297 3026 458 3112 quin
491 3026 596 3089 illa
635 3040 853 3089 cautes
887 3022 1270 3111 Leucopetra
1317 3020 1517 3086 fuerit
1560 3019 1893 3109 adpellata.
1936 3023 2295 3089 Ter-minum
2338 3050 2437 3091 re-

297 3127 452 3191 ferri
483 3123 566 3189 ad
597 3142 971 3211 utramque,
1022 3122 1105 3187 ad
1133 3122 1372 3186 Albam
1403 3138 1468 3186 et
1514 3120 1893 3185 adeuntem.
1930 3122 2177 3187 Vocula
2208 3126 2435 3190 dehinc

297 3228 610 3291 Avienum
633 3228 732 3289 uti
765 3226 847 3291 de
879 3242 1060 3312 parte
1091 3224 1382 3313 opposita
1399 3270 1418 3304 ,
1441 3244 1677 3311 nempe
1704 3224 1985 3302 australi,
2010 3246 2219 3311 quum
2246 3243 2433 3291 antea

295 3344 545 3417 partem
589 3327 784 3391 Italiae
825 3326 1152 3389 borealem
1191 3324 1659 3389 memoraverit.
1716 3324 2021 3389 Similiter
2067 3346 2216 3388 eum
2264 3327 2429 3391 infra

293 3453 486 3495 versu
528 3432 648 3507 140
665 3477 682 3510 ‚
729 3426 844 3491 ubi
895 3422 1118 3506 docet,
1171 3448 1346 3489 mare
1397 3423 1837 3490 Hadriaticum
1887 3455 1913 3481 ι
1934 3426 2003 3487 in
2046 3426 2313 3492 Boream
2360 3452 2427 3493 se

295 3530 610 3596 fundere»
651 3553 730 3594 eo
773 3529 956 3608 loco,
1009 3526 1126 3591 ubi
1167 3527 1348 3591 sinus
1397 3526 1625 3591 Ionius
1676 3548 1827 3589 cum
1870 3548 1949 3590 eo
1986 3526 2424 3618 conjungitur,

293 3632 362 3697 id
406 3649 538 3713 est,
585 3656 620 3696 a
669 3647 850 3721 parte
899 3628 1189 3710 australi,
1237 3627 1565 3717 scripsisse
1609 3624 1865 3707 dehine,
1918 3642 2113 3715 atque
2147 3628 2309 3694 adeo
2354 3632 2421 3696 in

292 3732 474 3825 parte
501 3734 769 3813 boreali,
805 3730 968 3795 illud
1009 3726 1176 3794 flecti
1213 3730 1276 3795 in
1317 3730 1710 3818 Zephyrum.
1756 3727 1961 3817 Caput
1984 3726 2420 3797 AEneadarum

289 3835 575 3923 positum
606 3856 746 3899 esse
781 3832 1102 3897 existimat
1135 3852 1258 3918 pro
1289 3830 1541 3917 origine
1583 3851 1830 3893 eorum.
1866 3832 2073 3918 Loqui
2108 3832 2417 3899 nimirum

289 3936 372 4002 de
414 3936 589 4001 Alba
627 3936 886 4022 Longa,
937 3932 1113 3997 unde
1157 3928 1464 3999 AEneadae
1481 3980 1501 4011 ‚
1554 3931 1685 3995 sive
1731 3931 2041 4013 Romani,
2102 3934 2415 4025 originem

289 4038 628 4110 duxerint,
660 4034 838 4099 unde
877 4048 942 4099 et
972 4048 1178 4097 mater
1213 4034 1434 4097 Romae
1474 4048 1743 4096 vocetur
1776 4034 1859 4097 ab
1900 4035 2296 4123 Augustino,
2339 4036 2421 4099 de

291 4139 473 4205 Civit.
509 4138 629 4203 Dei
657 4138 770 4201 lib.
798 4136 924 4215 111,
961 4157 1100 4222 cap.
1140 4138 1238 4212 14.
1266 4134 1436 4199 Hinc
1471 4156 1737 4221 quoque
1766 4134 2109 4199 verisimile
2143 4135 2314 4217 fieri,
2352 4137 2419 4199 in

496 4248 578 4317 V.
2040 4244 2125 4325 24
