2996 4685
827 409 960 476 DE
1022 354 1542 476 FLAVIANO
1605 405 2185 476 MYRMECIO.
2472 427 2561 498 27

435 521 550 604 tibi
586 539 864 627 agellum
885 583 903 618 ,
930 538 1032 601 vel
1067 535 1378 624 praedium
1403 585 1420 618 ,
1454 536 1755 601 Flaviano
1794 537 1861 600 in
1894 536 2105 601 Africa
2140 557 2279 600 esse
2324 535 2564 599 innuit.

436 644 566 712 Sed
611 666 814 732 quum
865 642 1040 708 idem
1087 643 1306 732 paullo
1335 658 1486 731 post
1516 641 1719 726 dicat,
1754 643 1941 708 aliam
1987 665 2216 707 navem
2263 641 2569 705 Flaviano

435 751 656 815 venire
707 749 791 816 de
843 749 1171 814 Corintho
1207 771 1326 837 per
1357 748 1709 814 Adriacum
1746 772 1951 830 mare,
1975 771 2169 838 quam
2200 750 2325 812 ,ςιιίε
2354 737 2571 835 opibtls

437 855 778 921 cumulat-it
809 855 1015 919 Iberia
1045 855 1211 918 dives
1228 901 1248 934 ,
1276 871 1471 942 atque
1514 855 1621 919 hic
1678 877 1811 920 non
1858 855 1975 919 alia
1996 903 2015 936 ,
2040 877 2236 942 quam
2282 853 2575 918 Orienta-

436 963 514 1027 lis
545 963 756 1026 Iberia
787 960 1060 1051 intelligi
1092 961 1328 1049 possit,
1351 983 1496 1048 quae
1522 961 1749 1026 iisdem
1783 962 2159 1050 regionibus
2191 960 2397 1041 orbis,
2420 959 2570 1048 qui-

437 1071 560 1134 bus
583 1069 854 1134 Taurica
882 1068 1222 1157 peninsula
1251 1083 1318 1131 et
1335 1067 1763 1156 Myrmecium
1790 1067 2137 1156 oppidum,
2156 1067 2533 1131 continetur
2550 1111 2571 1146 ,

437 1175 652 1264 potuit
671 1195 1038 1263 cognomen
1057 1173 1392 1261 Myrmecii
1409 1172 1493 1237 ad
1516 1189 1859 1262 utramque
1882 1191 2119 1240 terram
2138 1173 2455 1261 respicere
2470 1219 2489 1254 ,
2508 1187 2577 1236 et

439 1279 740 1345 Flaviano
757 1277 1038 1344 inditum
1059 1301 1220 1361 esse,
1247 1279 1426 1366 quod
1444 1294 1559 1343 aut
1582 1279 1739 1367 ipse,
1761 1281 1864 1344 vel
1882 1303 2056 1344 unus
2076 1281 2395 1360 majorum
2411 1279 2571 1360 ejus,

441 1387 512 1450 in
545 1386 850 1451 alterutra
879 1401 1067 1450 natus
1091 1403 1288 1468 esset,
1307 1403 1422 1452 aut
1453 1388 1525 1450 in
1558 1403 1837 1475 utraque
1871 1387 2311 1476 possessiones
2330 1433 2349 1468 ,
2382 1407 2574 1474 agros

440 1509 506 1556 et
535 1491 772 1581 praedia
807 1491 1094 1555 baberet.
1120 1493 1206 1556 Et
1237 1491 1561 1579 posterior
1593 1493 1759 1556 ratio
1794 1492 1953 1556 mihi
1986 1491 2247 1557 videtur
2264 1489 2573 1579 probabi-

439 1598 562 1662 lior
581 1599 798 1663 altera.
823 1599 1074 1686 Nempe
1103 1597 1485 1662 Clodiorum
1512 1614 1579 1662 et
1602 1599 1975 1663 Aniciorum
2000 1645 2019 1678 ,
2044 1597 2159 1686 qui
2186 1596 2577 1684 amplissima

439 1703 674 1793 praedia
724 1726 841 1793 per
883 1719 1100 1768 totum
1143 1703 1370 1768 orbem
1415 1706 1787 1769 Romanum
1827 1703 2111 1792 dispersa
2144 1702 2446 1767 habuisse
2474 1700 2576 1764 di·-

442 1825 684 1874 cuntur
709 1808 836 1896 (1),
872 1809 980 1872 hic
1015 1831 1157 1873 mos
1189 1810 1345 1891 fuit,
1364 1825 1442 1873 ut
1470 1833 1511 1874 a
1544 1811 1759 1899 regnis
1792 1827 1857 1874 et
1890 1808 2411 1897 possessionibus
2444 1807 2577 1870 suis

441 1914 834 2003 cognomina
865 1913 1310 1978 adsciscerent.
1337 1914 1442 1979 Sic
1468 1937 1505 1978 e
1535 1914 1777 1978 Clodiis
1806 1915 2107 1978 nonnulli
2137 1913 2391 1977 Pontici
2422 1925 2580 1975 sunt

444 2019 742 2108 adpellati
797 2033 862 2082 et
916 2018 1201 2106 Olybrii,
1243 2019 1424 2106 quod
1477 2019 1569 2086 illi
1612 2019 1681 2083 in
1733 2020 1931 2085 Ponti
1982 2019 2328 2098 tractibus,
2376 2017 2446 2080 hi
2494 2013 2579 2078 ad

446 2124 779 2213 Olybriam
797 2171 818 2206 ,
847 2147 994 2212 quae
1017 2141 1084 2187 et
1107 2124 1396 2213 Selybria
1423 2141 1488 2190 et
1516 2125 1906 2214 Selymbria,
1934 2140 2084 2213 post
2114 2121 2579 2209 Eudoxiopolis

445 2232 658 2318 Impp.
695 2230 992 2294 Honorio
1031 2245 1098 2294 et
1127 2229 1452 2294 Theodos.
1489 2231 1593 2314 ΙΙ,
1628 2231 1799 2296 dicta
1834 2246 1931 2295 est
1964 2230 2081 2318 (ut
2113 2245 2290 2318 patet
2325 2251 2403 2293 ex
2438 2228 2581 2316 lege

443 2337 524 2403 61
584 2335 748 2402 Cod.
790 2335 1042 2403 Theod.
1091 2335 1172 2401 de
1205 2333 1507 2425 hoeret.),
1539 2337 1855 2427 oppidum
1881 2337 2197 2418 Thraciae,
2225 2333 2463 2425 praedia
2510 2349 2607 2399 et·

445 2444 767 2508 clientelas
803 2443 1222 2531 amplissimas
1261 2444 1573 2508 tenebant
1604 2443 1717 2532 (2).
1752 2446 1840 2508 At
1872 2446 2207 2533 regionem
2239 2439 2581 2506 Murmecii

445 2552 514 2615 in
541 2552 814 2615 Taurica
851 2550 1187 2638 peninsula
1201 2598 1220 2631 ,
1244 2572 1442 2637 quam
1471 2550 1841 2640 Gcographi
1874 2551 2142 2617 tradunt
2166 2551 2367 2615 ubere
2395 2548 2581 2639 gleba

447 2672 512 2720 et
547 2656 824 2721 maxime
857 2656 1172 2721 frumenti
1209 2658 1484 2721 feracem
1524 2655 1760 2738 fuisse,
1792 2658 1877 2721 ita
1910 2673 2020 2739 ut,
2056 2656 2172 2744 qui
2217 2678 2358 2720 eam
2392 2656 2580 2719 inco·

519 2968 596 3034 (1)
626 2966 802 3019 Amin.
829 2965 1067 3019 Marcell.
1094 2963 1164 3017 de
1193 2964 1382 3019 Anicio
1419 2964 1670 3019 Petronio
1708 2964 1919 3029 Probo,
1946 2966 2041 3018 lib.
2068 2965 2315 3031 xxvu,
2341 2983 2457 3038 cap.
2482 2983 2579 3019 ιι.

450 3052 579 3105 «Ad
601 3052 890 3125 regendam
913 3053 1283 3109 Pru-secturam
1304 3053 1683 3108 Pretorianam
1704 3054 1774 3107 ab
1799 3054 1930 3107 urbe
1951 3054 2159 3109 Probus
2177 3054 2407 3119 accitus,
2432 3052 2585 3107 clari-

451 3138 636 3194 tudine
659 3140 864 3212 generis
890 3155 942 3193 et
967 3141 1238 3213 potentia,
1263 3153 1316 3194 et
1340 3160 1505 3213 opum
1533 3138 1883 3214 amplitudine
1909 3143 2147 3215 cognitus
2174 3143 2291 3195 orbi
2309 3142 2580 3203 Romano,

452 3246 550 3297 per
578 3246 736 3297 quem
765 3228 888 3281 univ
893 3248 1067 3281 ersum
1101 3248 1252 3299 paene
1277 3226 1592 3300 patrimonia
1624 3248 1803 3300 sparsa
1837 3230 2069 3301 possedit
2100 3255 2143 3281 ι.
2186 3230 2253 3282 Et
2292 3228 2362 3281 de
2398 3228 2589 3281 Anicio

453 3312 663 3366 Iuliano
676 3350 694 3377 ,
717 3314 944 3369 beside
963 3316 1226 3388 Hispania
1242 3316 1651 3369 Tarraconensis
1673 3318 1731 3370 Α.
1753 3316 1816 3371 C.
1840 3317 1941 3370 316
1957 3358 1973 3383 ‚
2000 3316 2094 3389 qui
2122 3316 2221 3369 fuit
2248 3334 2377 3369 avus
2400 3314 2583 3383 Probi,

457 3400 806 3474 Symmachus
829 3404 883 3455 in
905 3404 1284 3476 epigrammate
1305 3406 1420 3479 ejus
1447 3404 1667 3477 imagini
1694 3404 1937 3477 adposito
1955 3442 1971 3467 ‚
1994 3404 2153 3475 Epist.
2178 3406 2207 3457 1
2227 3442 2244 3469 ,
2283 3425 2311 3457 ι
2332 3422 2346 3457 :
2378 3406 2589 3479 «Cujus

458 3508 620 3562 opes,
651 3501 740 3543 aut
763 3490 1042 3558 nobilitas,
1082 3504 1176 3545 aut
1209 3504 1354 3547 tanta
1380 3504 1638 3565 potestas,
1674 3491 1893 3546 cedenti
1932 3493 2019 3545 cui
2053 3512 2159 3545 non
2196 3494 2439 3568 praeluxit
2471 3494 2593 3575 Ani-

457 3578 570 3633 eius
595 3578 770 3633 nnus?
804 3604 828 3625 ι

529 3718 608 3785 (2)
647 3717 710 3769 In
757 3714 820 3767 iis
857 3714 1072 3788 prediis
1113 3718 1338 3771 maxime
1375 3736 1637 3791 equorum
1675 3735 2056 3788 generosorum
2088 3738 2307 3795 greges,
2350 3722 2589 3794 Impera-

461 3818 638 3859 torum
681 3805 864 3859 usibus
905 3802 1108 3857 bellicis
1123 3845 1138 3871 ,
1181 3805 1309 3859 circi
1347 3805 1736 3877 voluptatibus,
1778 3807 1953 3859 cursui
1995 3807 2213 3881 publico
2254 3808 2593 3863 inservituros

461 3896 686 3949 alebant.
718 3894 826 3961 Qui
852 3898 978 3968 equi
999 3894 1238 3951 Thraces
1265 3895 1667 3969 Hermogeniani
1696 3895 1823 3950 dicti
1856 3910 1981 3951 sunt
2008 3898 2079 3951 ab
2102 3898 2439 3972 Hermogene
2452 3900 2593 3953 Pon·

461 3984 569 4037 tico
591 3983 739 4037 Pras.
761 3982 843 4037 Pr.
865 3984 1102 4037 Orientis
1123 3986 1183 4035 A.
1207 3984 1266 4037 C.
1291 3984 1394 4037 358
1409 4021 1425 4046 ,
1453 3986 1671 4057 ejusque
1688 3984 1801 4039 filio
1818 3986 1901 4038 vel
1922 3998 2139 4058 nepote,
2154 3987 2347 4041 Clodio
2366 3976 2592 4041 Hermo-

463 4072 692 4144 geniano
707 4070 954 4143 Olybrio,
974 4083 1026 4125 et
1047 4070 1320 4125 laudatidn
1349 4070 1489 4125 cod.
1513 4070 1717 4128 Theod.
1737 4073 1837 4147 leg.
1870 4092 1889 4125 1
1916 4073 1983 4128 de
2006 4076 2155 4147 equis
2178 4076 2347 4129 curul.
2369 4075 2470 4128 etl.
2500 4092 2589 4126 un.

467 4160 533 4214 de
555 4178 711 4233 grege
737 4158 1021 4213 dominico.
