<?xml version="1.0" encoding="UTF-8"?>
<!DOCTYPE html PUBLIC "-//W3C//DTD XHTML 1.0 Transitional//EN"
    "http://www.w3.org/TR/xhtml1/DTD/xhtml1-transitional.dtd">
<html xmlns="http://www.w3.org/1999/xhtml" xml:lang="en" lang="en">
 <head>
  <title>
</title>
<meta http-equiv="Content-Type" content="text/html;charset=utf-8" />
  <meta name='ocr-system' content='tesseract 3.04.00' />
  <meta name='ocr-capabilities' content='ocr_page ocr_carea ocr_par ocr_line ocrx_word'/>
</head>
<body>
  <div class='ocr_page' id='page_1' title='image "./poetaelatinimin01unkngoog_0392.png"; bbox 0 0 2996 4685; ppageno 0'>
   <div class='ocr_carea' id='block_1_1' title="bbox 361 399 2492 428">
    <p class='ocr_par' dir='ltr' id='par_1_1' title="bbox 361 399 2492 428">
     <span class='ocr_line' id='line_1_1' title="bbox 361 399 2492 428; baseline -0.001 -4"><span class='ocrx_word' id='word_1_1' title='bbox 361 399 1561 424; x_wconf 55' lang='lat' dir='ltr'><strong>mmmmmmmmmmmm</strong></span> <span class='ocrx_word' id='word_1_2' title='bbox 1566 403 1655 422; x_wconf 59' lang='lat' dir='ltr'><strong>m</strong></span> <span class='ocrx_word' id='word_1_3' title='bbox 1669 403 1755 422; x_wconf 59' lang='lat' dir='ltr'><strong>m</strong></span> <span class='ocrx_word' id='word_1_4' title='bbox 1760 403 1844 422; x_wconf 60' lang='lat' dir='ltr'><strong>m</strong></span> <span class='ocrx_word' id='word_1_5' title='bbox 1850 403 1905 428; x_wconf 65' lang='grc' dir='ltr'><strong>ν.</strong></span> <span class='ocrx_word' id='word_1_6' title='bbox 1910 403 1938 422; x_wconf 51' lang='grc' dir='ltr'>Ὦ</span> <span class='ocrx_word' id='word_1_7' title='bbox 1944 403 2492 425; x_wconf 42' lang='lat' dir='ltr'><strong>§ww-mmm</strong></span> 
     </span>
    </p>
   </div>
   <div class='ocr_carea' id='block_1_2' title="bbox 789 599 2068 766">
    <p class='ocr_par' dir='ltr' id='par_1_2' title="bbox 789 599 2068 766">
     <span class='ocr_line' id='line_1_2' title="bbox 789 599 2068 766; baseline 0.002 -6"><span class='ocrx_word' id='word_1_8' title='bbox 789 599 1788 766; x_wconf 82' lang='lat' dir='ltr'>EXCURSUS</span> <span class='ocrx_word' id='word_1_9' title='bbox 1876 643 2068 764; x_wconf 81' lang='lat' dir='ltr'><strong>vl</strong></span> 
     </span>
    </p>
   </div>
   <div class='ocr_carea' id='block_1_3' title="bbox 553 921 2313 1021">
    <p class='ocr_par' dir='ltr' id='par_1_3' title="bbox 553 921 2313 1021">
     <span class='ocr_line' id='line_1_3' title="bbox 553 921 2313 1021; baseline 0 -28"><span class='ocrx_word' id='word_1_10' title='bbox 553 927 678 993; x_wconf 79' lang='lat' dir='ltr'><strong>AD</strong></span> <span class='ocrx_word' id='word_1_11' title='bbox 727 927 1048 994; x_wconf 80' lang='lat' dir='ltr'><strong>DEscR.</strong></span> <span class='ocrx_word' id='word_1_12' title='bbox 1103 925 1373 992; x_wconf 70' lang='lat' dir='ltr'><strong>omns</strong></span> <span class='ocrx_word' id='word_1_13' title='bbox 1421 923 1777 1006; x_wconf 84' lang='lat' dir='ltr'><strong>TERRAE‚</strong></span> <span class='ocrx_word' id='word_1_14' title='bbox 1827 946 1922 990; x_wconf 81' lang='lat' dir='ltr'><strong>vs.</strong></span> <span class='ocrx_word' id='word_1_15' title='bbox 1972 921 2313 1021; x_wconf 82' lang='lat'><strong>705·709·</strong></span> 
     </span>
    </p>
   </div>
   <div class='ocr_carea' id='block_1_4' title="bbox 1193 1132 1667 1156">
    <p class='ocr_par' dir='ltr' id='par_1_4' title="bbox 1193 1132 1667 1156">
     <span class='ocr_line' id='line_1_4' title="bbox 1193 1132 1667 1156; baseline 0 3529"><span class='ocrx_word' id='word_1_16' title='bbox 1193 1132 1667 1156; x_wconf 95' lang='lat' dir='ltr'><strong> </strong></span> 
     </span>
    </p>
   </div>
   <div class='ocr_carea' id='block_1_5' title="bbox 719 1308 2331 1549">
    <p class='ocr_par' dir='ltr' id='par_1_5' title="bbox 719 1308 2331 1549">
     <span class='ocr_line' id='line_1_5' title="bbox 719 1308 1867 1366; baseline -0.003 0"><span class='ocrx_word' id='word_1_17' title='bbox 719 1313 920 1366; x_wconf 83' lang='lat' dir='ltr'><strong>Omnes</strong></span> <span class='ocrx_word' id='word_1_18' title='bbox 945 1310 1162 1366; x_wconf 80' lang='lat' dir='ltr'><strong>fatidico</strong></span> <span class='ocrx_word' id='word_1_19' title='bbox 1186 1321 1376 1366; x_wconf 77' lang='lat' dir='ltr'><strong>curant</strong></span> <span class='ocrx_word' id='word_1_20' title='bbox 1395 1309 1629 1364; x_wconf 80' lang='lat' dir='ltr'><strong>solennia</strong></span> <span class='ocrx_word' id='word_1_21' title='bbox 1650 1308 1867 1362; x_wconf 73' lang='lat' dir='ltr'><strong>Phoebo.</strong></span> 
     </span>
     <span class='ocr_line' id='line_1_6' title="bbox 722 1392 2045 1468; baseline -0.002 -20"><span class='ocrx_word' id='word_1_22' title='bbox 722 1397 858 1448; x_wconf 83' lang='lat' dir='ltr'><strong>Nam</strong></span> <span class='ocrx_word' id='word_1_23' title='bbox 882 1415 1048 1468; x_wconf 86' lang='lat' dir='ltr'><strong>quum</strong></span> <span class='ocrx_word' id='word_1_24' title='bbox 1073 1413 1194 1448; x_wconf 83' lang='lat' dir='ltr'><strong>vere</strong></span> <span class='ocrx_word' id='word_1_25' title='bbox 1218 1412 1361 1446; x_wconf 87' lang='lat' dir='ltr'><strong>novo</strong></span> <span class='ocrx_word' id='word_1_26' title='bbox 1389 1393 1547 1446; x_wconf 79' lang='lat' dir='ltr'><strong>tellus</strong></span> <span class='ocrx_word' id='word_1_27' title='bbox 1574 1413 1629 1445; x_wconf 89' lang='lat' dir='ltr'><strong>se</strong></span> <span class='ocrx_word' id='word_1_28' title='bbox 1655 1392 1789 1446; x_wconf 82' lang='lat' dir='ltr'><strong>dura</strong></span> <span class='ocrx_word' id='word_1_29' title='bbox 1818 1394 2045 1460; x_wconf 85' lang='lat' dir='ltr'><strong>relaxat,</strong></span> 
     </span>
     <span class='ocr_line' id='line_1_7' title="bbox 725 1476 2331 1549; baseline 0.002 -19"><span class='ocrx_word' id='word_1_30' title='bbox 725 1478 1166 1549; x_wconf 77' lang='lat' dir='ltr'>culminibusque</span> <span class='ocrx_word' id='word_1_31' title='bbox 1185 1477 1328 1530; x_wconf 82' lang='lat' dir='ltr'><strong>cavis</strong></span> <span class='ocrx_word' id='word_1_32' title='bbox 1348 1476 1607 1530; x_wconf 88' lang='lat' dir='ltr'><strong>blandum</strong></span> <span class='ocrx_word' id='word_1_33' title='bbox 1632 1477 1817 1548; x_wconf 78' lang='lat' dir='ltr'><strong>strepit</strong></span> <span class='ocrx_word' id='word_1_34' title='bbox 1837 1479 1943 1531; x_wconf 84' lang='lat' dir='ltr'><strong>ales</strong></span> <span class='ocrx_word' id='word_1_35' title='bbox 1960 1478 2214 1543; x_wconf 82' lang='lat' dir='ltr'><strong>hirundo,</strong></span> <span class='ocrx_word' id='word_1_36' title='bbox 2235 1494 2331 1534; x_wconf 88' lang='lat' dir='ltr'><strong>etc.</strong></span> 
     </span>
    </p>
   </div>
   <div class='ocr_carea' id='block_1_6' title="bbox 375 1631 2507 1923">
    <p class='ocr_par' dir='ltr' id='par_1_6' title="bbox 375 1631 2504 1923">
     <span class='ocr_line' id='line_1_8' title="bbox 468 1631 2504 1724; baseline -0.004 -25"><span class='ocrx_word' id='word_1_37' title='bbox 468 1635 730 1712; x_wconf 79' lang='lat' dir='ltr'><strong>Omnes,</strong></span> <span class='ocrx_word' id='word_1_38' title='bbox 768 1631 900 1697; x_wconf 86' lang='lat' dir='ltr'><strong>scil.</strong></span> <span class='ocrx_word' id='word_1_39' title='bbox 932 1631 1240 1721; x_wconf 76' lang='lat' dir='ltr'>Cyclades</span> <span class='ocrx_word' id='word_1_40' title='bbox 1258 1678 1275 1711; x_wconf 93' lang='lat'><strong>‚</strong></span> <span class='ocrx_word' id='word_1_41' title='bbox 1309 1632 1376 1694; x_wconf 90' lang='lat' dir='ltr'><strong>in</strong></span> <span class='ocrx_word' id='word_1_42' title='bbox 1414 1631 1649 1695; x_wconf 90' lang='lat' dir='ltr'><strong>Delum</strong></span> <span class='ocrx_word' id='word_1_43' title='bbox 1667 1679 1685 1713; x_wconf 86' lang='lat'>,</span> <span class='ocrx_word' id='word_1_44' title='bbox 1722 1653 1867 1718; x_wconf 80' lang='lat' dir='ltr'><strong>quae</strong></span> <span class='ocrx_word' id='word_1_45' title='bbox 1900 1632 2251 1720; x_wconf 78' lang='lat' dir='ltr'>Cycladum</span> <span class='ocrx_word' id='word_1_46' title='bbox 2286 1639 2504 1724; x_wconf 58' lang='lat' dir='ltr'><strong>prad..</strong></span> 
     </span>
     <span class='ocr_line' id='line_1_9' title="bbox 375 1732 2507 1822; baseline 0.003 -26"><span class='ocrx_word' id='word_1_47' title='bbox 375 1757 533 1822; x_wconf 87' lang='lat' dir='ltr'><strong>pua,</strong></span> <span class='ocrx_word' id='word_1_48' title='bbox 567 1733 1024 1799; x_wconf 84' lang='lat' dir='ltr'><strong>convenientes</strong></span> <span class='ocrx_word' id='word_1_49' title='bbox 1055 1754 1172 1820; x_wconf 91' lang='lat' dir='ltr'><strong>per</strong></span> <span class='ocrx_word' id='word_1_50' title='bbox 1207 1732 1581 1820; x_wconf 83' lang='lat' dir='ltr'><strong>legationes.</strong></span> <span class='ocrx_word' id='word_1_51' title='bbox 1630 1733 1919 1820; x_wconf 83' lang='lat' dir='ltr'>Explicat</span> <span class='ocrx_word' id='word_1_52' title='bbox 1954 1733 2218 1818; x_wconf 88' lang='lat' dir='ltr'><strong>Strabo,</strong></span> <span class='ocrx_word' id='word_1_53' title='bbox 2260 1737 2371 1803; x_wconf 91' lang='lat' dir='ltr'><strong>lib.</strong></span> <span class='ocrx_word' id='word_1_54' title='bbox 2403 1740 2507 1820; x_wconf 91' lang='lat' dir='ltr'><strong>X,</strong></span> 
     </span>
     <span class='ocr_line' id='line_1_10' title="bbox 377 1832 2505 1923; baseline 0.001 -22"><span class='ocrx_word' id='word_1_55' title='bbox 377 1858 441 1923; x_wconf 86' lang='lat' dir='ltr'><strong>p</strong></span> <span class='ocrx_word' id='word_1_56' title='bbox 472 1836 640 1922; x_wconf 72' lang='grc'><strong>7432</strong></span> <span class='ocrx_word' id='word_1_57' title='bbox 685 1832 890 1906; x_wconf 61' lang='grc' dir='ltr'><strong>ἐνδοξον</strong></span> <span class='ocrx_word' id='word_1_58' title='bbox 918 1845 1068 1900; x_wconf 71' lang='grc' dir='ltr'>αὐτὴν</span> <span class='ocrx_word' id='word_1_59' title='bbox 1100 1833 1272 1910; x_wconf 73' lang='grc' dir='ltr'>(Δῆλον</span> <span class='ocrx_word' id='word_1_60' title='bbox 1275 1834 1300 1910; x_wconf 86' lang='grc'>)</span> <span class='ocrx_word' id='word_1_61' title='bbox 1340 1845 1390 1896; x_wconf 77' lang='grc' dir='ltr'><strong>αἱ</strong></span> <span class='ocrx_word' id='word_1_62' title='bbox 1418 1840 1706 1915; x_wconf 69' lang='grc' dir='ltr'>πιριοικίὸις</span> <span class='ocrx_word' id='word_1_63' title='bbox 1738 1849 1875 1900; x_wconf 76' lang='grc' dir='ltr'>νῆσοι</span> <span class='ocrx_word' id='word_1_64' title='bbox 1901 1845 2193 1916; x_wconf 71' lang='grc' dir='ltr'><strong>καλούμεναι</strong></span> <span class='ocrx_word' id='word_1_65' title='bbox 2218 1847 2505 1916; x_wconf 70' lang='grc' dir='ltr'><strong>Κυκλάδας,</strong></span> 
     </span>
    </p>
   </div>
   <div class='ocr_carea' id='block_1_7' title="bbox 376 1922 2512 2123">
    <p class='ocr_par' dir='ltr' id='par_1_7' title="bbox 376 1922 2512 2123">
     <span class='ocr_line' id='line_1_11' title="bbox 377 1922 2512 2023; baseline 0.004 -27"><span class='ocrx_word' id='word_1_66' title='bbox 377 1963 476 1998; x_wconf 74' lang='grc' dir='ltr'><strong>κα..</strong></span> <span class='ocrx_word' id='word_1_67' title='bbox 479 1944 512 1996; x_wconf 80' lang='grc' dir='ltr'>ὰ</span> <span class='ocrx_word' id='word_1_68' title='bbox 546 1947 690 2016; x_wconf 72' lang='grc' dir='ltr'>τιμὴν</span> <span class='ocrx_word' id='word_1_69' title='bbox 717 1947 1006 2016; x_wconf 65' lang='grc' dir='ltr'>πέμπουσαι</span> <span class='ocrx_word' id='word_1_70' title='bbox 1040 1939 1302 2014; x_wconf 64' lang='grc' dir='ltr'><strong>δημοσίᾳ,</strong></span> <span class='ocrx_word' id='word_1_71' title='bbox 1338 1945 1537 2014; x_wconf 70' lang='grc' dir='ltr'><strong>θεωρούς</strong></span> <span class='ocrx_word' id='word_1_72' title='bbox 1564 1963 1655 2006; x_wconf 82' lang='grc' dir='ltr'><strong>τι,</strong></span> <span class='ocrx_word' id='word_1_73' title='bbox 1707 1922 1790 1997; x_wconf 77' lang='grc' dir='ltr'><strong>καὶ</strong></span> <span class='ocrx_word' id='word_1_74' title='bbox 1827 1945 1933 1998; x_wconf 79' lang='grc' dir='ltr'><strong>Θυσί</strong></span> <span class='ocrx_word' id='word_1_75' title='bbox 1918 1965 2031 2012; x_wconf 80' lang='grc' dir='ltr'><strong>ι,οις</strong></span> <span class='ocrx_word' id='word_1_76' title='bbox 2068 1947 2151 2000; x_wconf 74' lang='grc' dir='ltr'><strong>καὶ</strong></span> <span class='ocrx_word' id='word_1_77' title='bbox 2178 1952 2344 2021; x_wconf 73' lang='grc' dir='ltr'>χοροὺς</span> <span class='ocrx_word' id='word_1_78' title='bbox 2388 1971 2512 2023; x_wconf 75' lang='grc' dir='ltr'>παρ-</span> 
     </span>
     <span class='ocr_line' id='line_1_12' title="bbox 376 2027 2511 2123; baseline 0.004 -34"><span class='ocrx_word' id='word_1_79' title='bbox 376 2038 556 2102; x_wconf 75' lang='grc' dir='ltr'><strong>οίνων,</strong></span> <span class='ocrx_word' id='word_1_80' title='bbox 591 2038 884 2109; x_wconf 71' lang='grc' dir='ltr'>πανηγύρεις</span> <span class='ocrx_word' id='word_1_81' title='bbox 915 2057 971 2088; x_wconf 81' lang='grc' dir='ltr'><strong>τι</strong></span> <span class='ocrx_word' id='word_1_82' title='bbox 1013 2039 1059 2089; x_wconf 66' lang='grc' dir='ltr'><strong>ἐν</strong></span> <span class='ocrx_word' id='word_1_83' title='bbox 1097 2038 1224 2106; x_wconf 80' lang='grc' dir='ltr'>αὐτῇ</span> <span class='ocrx_word' id='word_1_84' title='bbox 1275 2037 1575 2114; x_wconf 74' lang='grc' dir='ltr'><strong>συνάγουσαι</strong></span> <span class='ocrx_word' id='word_1_85' title='bbox 1612 2037 1849 2107; x_wconf 76' lang='grc' dir='ltr'><strong>μεγάλας.</strong></span> <span class='ocrx_word' id='word_1_86' title='bbox 1925 2027 2251 2095; x_wconf 80' lang='lat' dir='ltr'><strong>Nimirum</strong></span> <span class='ocrx_word' id='word_1_87' title='bbox 2306 2035 2511 2123; x_wconf 73' lang='lat' dir='ltr'><strong>tangit</strong></span> 
     </span>
    </p>
   </div>
   <div class='ocr_carea' id='block_1_8' title="bbox 377 2128 2525 3133">
    <p class='ocr_par' dir='ltr' id='par_1_8' title="bbox 377 2128 2525 3133">
     <span class='ocr_line' id='line_1_13' title="bbox 381 2128 2510 2220; baseline 0.003 -28"><span class='ocrx_word' id='word_1_88' title='bbox 381 2131 506 2193; x_wconf 90' lang='lat' dir='ltr'><strong>hoc</strong></span> <span class='ocrx_word' id='word_1_89' title='bbox 549 2132 692 2194; x_wconf 93' lang='lat' dir='ltr'><strong>loco</strong></span> <span class='ocrx_word' id='word_1_90' title='bbox 741 2129 1028 2196; x_wconf 79' lang='lat' dir='ltr'><strong>Avienus</strong></span> <span class='ocrx_word' id='word_1_91' title='bbox 1073 2151 1224 2194; x_wconf 87' lang='lat' dir='ltr'><strong>cum</strong></span> <span class='ocrx_word' id='word_1_92' title='bbox 1269 2128 1585 2216; x_wconf 84' lang='lat' dir='ltr'><strong>Dionysio</strong></span> <span class='ocrx_word' id='word_1_93' title='bbox 1634 2151 1807 2194; x_wconf 88' lang='lat' dir='ltr'><strong>sacra</strong></span> <span class='ocrx_word' id='word_1_94' title='bbox 1856 2151 2107 2212; x_wconf 87' lang='lat' dir='ltr'><strong>annua,</strong></span> <span class='ocrx_word' id='word_1_95' title='bbox 2155 2155 2301 2220; x_wconf 81' lang='lat' dir='ltr'><strong>quae</strong></span> <span class='ocrx_word' id='word_1_96' title='bbox 2342 2137 2510 2199; x_wconf 84' lang='lat' dir='ltr'><strong>veris</strong></span> 
     </span>
     <span class='ocr_line' id='line_1_14' title="bbox 379 2229 2509 2324; baseline 0.005 -33"><span class='ocrx_word' id='word_1_97' title='bbox 379 2230 564 2294; x_wconf 86' lang='lat' dir='ltr'><strong>initio</strong></span> <span class='ocrx_word' id='word_1_98' title='bbox 603 2231 838 2296; x_wconf 81' lang='lat' dir='ltr'><strong>Graecae</strong></span> <span class='ocrx_word' id='word_1_99' title='bbox 879 2245 1132 2320; x_wconf 82' lang='lat' dir='ltr'><strong>gentes,</strong></span> <span class='ocrx_word' id='word_1_100' title='bbox 1165 2230 1444 2294; x_wconf 80' lang='lat' dir='ltr'><strong>maxime</strong></span> <span class='ocrx_word' id='word_1_101' title='bbox 1470 2251 1625 2293; x_wconf 82' lang='lat' dir='ltr'><strong>vero</strong></span> <span class='ocrx_word' id='word_1_102' title='bbox 1652 2229 2011 2294; x_wconf 80' lang='lat' dir='ltr'><strong>insularum</strong></span> <span class='ocrx_word' id='word_1_103' title='bbox 2041 2231 2245 2324; x_wconf 81' lang='lat' dir='ltr'><strong>AEgaei</strong></span> <span class='ocrx_word' id='word_1_104' title='bbox 2282 2239 2509 2318; x_wconf 87' lang='lat' dir='ltr'><strong>maris,</strong></span> 
     </span>
     <span class='ocr_line' id='line_1_15' title="bbox 379 2330 2511 2421; baseline 0.003 -24"><span class='ocrx_word' id='word_1_105' title='bbox 379 2334 514 2397; x_wconf 81' lang='lat' dir='ltr'><strong>sive</strong></span> <span class='ocrx_word' id='word_1_106' title='bbox 551 2331 902 2421; x_wconf 83' lang='lat' dir='ltr'>Cycladum</span> <span class='ocrx_word' id='word_1_107' title='bbox 922 2381 940 2414; x_wconf 92' lang='lat'>‚</span> <span class='ocrx_word' id='word_1_108' title='bbox 966 2332 1219 2415; x_wconf 75' lang='lat' dir='ltr'><strong>incolae,</strong></span> <span class='ocrx_word' id='word_1_109' title='bbox 1250 2355 1368 2421; x_wconf 89' lang='lat' dir='ltr'><strong>per</strong></span> <span class='ocrx_word' id='word_1_110' title='bbox 1397 2331 1641 2419; x_wconf 86' lang='lat' dir='ltr'><strong>legatos</strong></span> <span class='ocrx_word' id='word_1_111' title='bbox 1662 2332 1729 2394; x_wconf 89' lang='lat' dir='ltr'><strong>in</strong></span> <span class='ocrx_word' id='word_1_112' title='bbox 1756 2330 1993 2396; x_wconf 88' lang='lat' dir='ltr'><strong>Delum</strong></span> <span class='ocrx_word' id='word_1_113' title='bbox 2028 2337 2511 2421; x_wconf 81' lang='lat' dir='ltr'><strong>convenientes,</strong></span> 
     </span>
     <span class='ocr_line' id='line_1_16' title="bbox 377 2432 2515 2527; baseline -0.003 -28"><span class='ocrx_word' id='word_1_114' title='bbox 377 2434 698 2501; x_wconf 81' lang='lat' dir='ltr'><strong>faciebant</strong></span> <span class='ocrx_word' id='word_1_115' title='bbox 729 2436 1066 2503; x_wconf 87' lang='lat' dir='ltr'><strong>communi</strong></span> <span class='ocrx_word' id='word_1_116' title='bbox 1101 2434 1240 2499; x_wconf 91' lang='lat' dir='ltr'><strong>Deo</strong></span> <span class='ocrx_word' id='word_1_117' title='bbox 1273 2434 1591 2523; x_wconf 84' lang='lat' dir='ltr'><strong>Apollini,</strong></span> <span class='ocrx_word' id='word_1_118' title='bbox 1634 2432 1714 2496; x_wconf 92' lang='lat' dir='ltr'><strong>ad</strong></span> <span class='ocrx_word' id='word_1_119' title='bbox 1752 2434 1888 2513; x_wconf 85' lang='lat' dir='ltr'><strong>ejus</strong></span> <span class='ocrx_word' id='word_1_120' title='bbox 1933 2438 2249 2524; x_wconf 87' lang='lat' dir='ltr'><strong>templum</strong></span> <span class='ocrx_word' id='word_1_121' title='bbox 2282 2445 2515 2527; x_wconf 70' lang='lat' dir='ltr'><strong>prima.</strong></span> 
     </span>
     <span class='ocr_line' id='line_1_17' title="bbox 378 2537 2515 2626; baseline 0.002 -23"><span class='ocrx_word' id='word_1_122' title='bbox 378 2541 550 2604; x_wconf 88' lang='lat' dir='ltr'><strong>rium</strong></span> <span class='ocrx_word' id='word_1_123' title='bbox 571 2587 589 2620; x_wconf 92' lang='lat'>‚</span> <span class='ocrx_word' id='word_1_124' title='bbox 625 2538 806 2626; x_wconf 88' lang='lat' dir='ltr'><strong>quod</strong></span> <span class='ocrx_word' id='word_1_125' title='bbox 845 2540 990 2605; x_wconf 82' lang='lat' dir='ltr'><strong>Deli</strong></span> <span class='ocrx_word' id='word_1_126' title='bbox 1031 2554 1167 2603; x_wconf 87' lang='lat' dir='ltr'><strong>erat</strong></span> <span class='ocrx_word' id='word_1_127' title='bbox 1187 2587 1206 2619; x_wconf 94' lang='lat'>,</span> <span class='ocrx_word' id='word_1_128' title='bbox 1251 2538 1366 2601; x_wconf 87' lang='lat' dir='ltr'><strong>ubi</strong></span> <span class='ocrx_word' id='word_1_129' title='bbox 1414 2537 1783 2625; x_wconf 86' lang='lat' dir='ltr'><strong>Apollinem</strong></span> <span class='ocrx_word' id='word_1_130' title='bbox 1821 2539 2037 2626; x_wconf 87' lang='lat' dir='ltr'><strong>ipsum</strong></span> <span class='ocrx_word' id='word_1_131' title='bbox 2070 2540 2375 2607; x_wconf 78' lang='lat' dir='ltr'><strong>accedere</strong></span> <span class='ocrx_word' id='word_1_132' title='bbox 2392 2590 2412 2624; x_wconf 86' lang='lat'>‚</span> <span class='ocrx_word' id='word_1_133' title='bbox 2448 2560 2515 2607; x_wconf 87' lang='lat' dir='ltr'><strong>et</strong></span> 
     </span>
     <span class='ocr_line' id='line_1_18' title="bbox 383 2637 2513 2726; baseline 0.003 -23"><span class='ocrx_word' id='word_1_134' title='bbox 383 2640 576 2703; x_wconf 84' lang='lat' dir='ltr'><strong>sacris</strong></span> <span class='ocrx_word' id='word_1_135' title='bbox 603 2640 736 2703; x_wconf 85' lang='lat' dir='ltr'><strong>suis</strong></span> <span class='ocrx_word' id='word_1_136' title='bbox 763 2640 1072 2705; x_wconf 84' lang='lat' dir='ltr'><strong>interesse</strong></span> <span class='ocrx_word' id='word_1_137' title='bbox 1104 2637 1476 2703; x_wconf 88' lang='lat' dir='ltr'><strong>credebant.</strong></span> <span class='ocrx_word' id='word_1_138' title='bbox 1509 2640 1705 2704; x_wconf 88' lang='lat' dir='ltr'><strong>Hunc</strong></span> <span class='ocrx_word' id='word_1_139' title='bbox 1729 2640 2043 2726; x_wconf 82' lang='lat' dir='ltr'><strong>Apollinis</strong></span> <span class='ocrx_word' id='word_1_140' title='bbox 2079 2664 2407 2707; x_wconf 85' lang='lat' dir='ltr'><strong>accessum</strong></span> <span class='ocrx_word' id='word_1_141' title='bbox 2443 2646 2513 2709; x_wconf 88' lang='lat' dir='ltr'><strong>in</strong></span> 
     </span>
     <span class='ocr_line' id='line_1_19' title="bbox 383 2738 2516 2823; baseline 0.001 -18"><span class='ocrx_word' id='word_1_142' title='bbox 383 2742 616 2805; x_wconf 86' lang='lat' dir='ltr'><strong>Delum</strong></span> <span class='ocrx_word' id='word_1_143' title='bbox 638 2788 656 2822; x_wconf 88' lang='lat'>‚</span> <span class='ocrx_word' id='word_1_144' title='bbox 720 2758 785 2805; x_wconf 87' lang='lat' dir='ltr'><strong>et</strong></span> <span class='ocrx_word' id='word_1_145' title='bbox 842 2740 1136 2806; x_wconf 81' lang='lat' dir='ltr'><strong>soiennia</strong></span> <span class='ocrx_word' id='word_1_146' title='bbox 1179 2739 1272 2802; x_wconf 92' lang='lat' dir='ltr'><strong>ibi</strong></span> <span class='ocrx_word' id='word_1_147' title='bbox 1329 2738 1496 2803; x_wconf 82' lang='lat' dir='ltr'><strong>veris</strong></span> <span class='ocrx_word' id='word_1_148' title='bbox 1551 2739 1838 2805; x_wconf 84' lang='lat' dir='ltr'><strong>ineuntis</strong></span> <span class='ocrx_word' id='word_1_149' title='bbox 1889 2740 2237 2823; x_wconf 85' lang='lat' dir='ltr'><strong>celebrata,</strong></span> <span class='ocrx_word' id='word_1_150' title='bbox 2284 2743 2516 2808; x_wconf 68' lang='lat' dir='ltr'><strong>illustri</strong></span> 
     </span>
     <span class='ocr_line' id='line_1_20' title="bbox 384 2840 2525 2931; baseline 0 -24"><span class='ocrx_word' id='word_1_151' title='bbox 384 2842 528 2909; x_wconf 91' lang='lat' dir='ltr'><strong>loco</strong></span> <span class='ocrx_word' id='word_1_152' title='bbox 565 2842 901 2930; x_wconf 75' lang='lat' dir='ltr'><strong>descripsit</strong></span> <span class='ocrx_word' id='word_1_153' title='bbox 934 2842 1275 2931; x_wconf 76' lang='lat' dir='ltr'><strong>Virgilius,</strong></span> <span class='ocrx_word' id='word_1_154' title='bbox 1315 2840 1469 2907; x_wconf 86' lang='lat' dir='ltr'><strong>AEn.</strong></span> <span class='ocrx_word' id='word_1_155' title='bbox 1504 2841 1619 2919; x_wconf 88' lang='lat' dir='ltr'><strong>IV,</strong></span> <span class='ocrx_word' id='word_1_156' title='bbox 1673 2840 1962 2926; x_wconf 71' lang='grc'>143-149</span> <span class='ocrx_word' id='word_1_157' title='bbox 1983 2889 2003 2922; x_wconf 88' lang='grc'><strong><em>,</em></strong></span> <span class='ocrx_word' id='word_1_158' title='bbox 2048 2844 2233 2922; x_wconf 86' lang='lat' dir='ltr'><strong>cujus</strong></span> <span class='ocrx_word' id='word_1_159' title='bbox 2263 2847 2525 2909; x_wconf 87' lang='lat' dir='ltr'><strong>amoeni.</strong></span> 
     </span>
     <span class='ocr_line' id='line_1_21' title="bbox 387 2940 2517 3031; baseline 0.002 -26"><span class='ocrx_word' id='word_1_160' title='bbox 387 2958 542 3009; x_wconf 85' lang='lat' dir='ltr'><strong>tates</strong></span> <span class='ocrx_word' id='word_1_161' title='bbox 576 2960 642 3009; x_wconf 90' lang='lat' dir='ltr'><strong>et</strong></span> <span class='ocrx_word' id='word_1_162' title='bbox 681 2958 1062 3009; x_wconf 85' lang='lat' dir='ltr'><strong>ornamenta</strong></span> <span class='ocrx_word' id='word_1_163' title='bbox 1101 2940 1408 3031; x_wconf 81' lang='lat' dir='ltr'><strong>singulari</strong></span> <span class='ocrx_word' id='word_1_164' title='bbox 1444 2942 1769 3021; x_wconf 80' lang='lat' dir='ltr'><strong>Excursu‚</strong></span> <span class='ocrx_word' id='word_1_165' title='bbox 1810 2942 1925 3028; x_wconf 85' lang='lat' dir='ltr'><strong>qui</strong></span> <span class='ocrx_word' id='word_1_166' title='bbox 1954 2942 2280 3009; x_wconf 82' lang='lat' dir='ltr'><strong>secundus</strong></span> <span class='ocrx_word' id='word_1_167' title='bbox 2308 2962 2406 3011; x_wconf 82' lang='lat' dir='ltr'><strong>est</strong></span> <span class='ocrx_word' id='word_1_168' title='bbox 2432 2944 2517 3009; x_wconf 89' lang='lat' dir='ltr'><strong>ad</strong></span> 
     </span>
     <span class='ocr_line' id='line_1_22' title="bbox 386 3042 2518 3133; baseline 0.001 -24"><span class='ocrx_word' id='word_1_169' title='bbox 386 3046 496 3109; x_wconf 89' lang='lat' dir='ltr'><strong>lib.</strong></span> <span class='ocrx_word' id='word_1_170' title='bbox 525 3044 614 3111; x_wconf 88' lang='lat' dir='ltr'><strong>IV</strong></span> <span class='ocrx_word' id='word_1_171' title='bbox 631 3044 783 3111; x_wconf 86' lang='lat' dir='ltr'><strong>AEn.</strong></span> <span class='ocrx_word' id='word_1_172' title='bbox 799 3044 1102 3133; x_wconf 80' lang='lat' dir='ltr'><strong>exposuit</strong></span> <span class='ocrx_word' id='word_1_173' title='bbox 1121 3043 1414 3133; x_wconf 82' lang='lat' dir='ltr'><strong>Heynius</strong></span> <span class='ocrx_word' id='word_1_174' title='bbox 1433 3042 1512 3106; x_wconf 89' lang='lat' dir='ltr'><strong>V.</strong></span> <span class='ocrx_word' id='word_1_175' title='bbox 1534 3044 1601 3106; x_wconf 89' lang='lat' dir='ltr'><strong>C.</strong></span> <span class='ocrx_word' id='word_1_176' title='bbox 1630 3057 1677 3107; x_wconf 91' lang='lat' dir='ltr'><strong>t.</strong></span> <span class='ocrx_word' id='word_1_177' title='bbox 1693 3044 1786 3123; x_wconf 85' lang='grc' dir='ltr'><strong>Π,</strong></span> <span class='ocrx_word' id='word_1_178' title='bbox 1818 3066 1881 3131; x_wconf 89' lang='lat' dir='ltr'><strong>p.</strong></span> <span class='ocrx_word' id='word_1_179' title='bbox 1908 3043 2059 3126; x_wconf 86' lang='lat'>561,</span> <span class='ocrx_word' id='word_1_180' title='bbox 2082 3044 2185 3109; x_wconf 87' lang='lat' dir='ltr'><strong>ed.</strong></span> <span class='ocrx_word' id='word_1_181' title='bbox 2208 3063 2376 3110; x_wconf 86' lang='lat' dir='ltr'><strong>nost.</strong></span> <span class='ocrx_word' id='word_1_182' title='bbox 2397 3048 2518 3112; x_wconf 82' lang='lat' dir='ltr'><strong>En.</strong></span> 
     </span>
    </p>
   </div>
   <div class='ocr_carea' id='block_1_9' title="bbox 736 3191 2380 3519">
    <p class='ocr_par' dir='ltr' id='par_1_9' title="bbox 736 3191 2167 3434">
     <span class='ocr_line' id='line_1_23' title="bbox 736 3191 2167 3265; baseline 0 -19"><span class='ocrx_word' id='word_1_183' title='bbox 736 3194 920 3265; x_wconf 81' lang='lat' dir='ltr'><strong>Qualis</strong></span> <span class='ocrx_word' id='word_1_184' title='bbox 942 3233 958 3260; x_wconf 90' lang='lat'>‚</span> <span class='ocrx_word' id='word_1_185' title='bbox 989 3192 1081 3245; x_wconf 84' lang='lat' dir='ltr'><strong>ubi</strong></span> <span class='ocrx_word' id='word_1_186' title='bbox 1110 3193 1385 3248; x_wconf 83' lang='lat' dir='ltr'><strong>hibernam</strong></span> <span class='ocrx_word' id='word_1_187' title='bbox 1417 3192 1636 3265; x_wconf 78' lang='lat' dir='ltr'><strong>Lyciam</strong></span> <span class='ocrx_word' id='word_1_188' title='bbox 1654 3191 1959 3264; x_wconf 81' lang='lat' dir='ltr'><strong>Xanthique</strong></span> <span class='ocrx_word' id='word_1_189' title='bbox 1972 3192 2167 3247; x_wconf 81' lang='lat' dir='ltr'><strong>fluenta</strong></span> 
     </span>
     <span class='ocr_line' id='line_1_24' title="bbox 737 3276 2026 3348; baseline 0.002 -20"><span class='ocrx_word' id='word_1_190' title='bbox 737 3276 940 3329; x_wconf 75' lang='lat' dir='ltr'><strong>Deserit</strong></span> <span class='ocrx_word' id='word_1_191' title='bbox 957 3316 972 3341; x_wconf 91' lang='lat'><strong>,</strong></span> <span class='ocrx_word' id='word_1_192' title='bbox 1009 3296 1069 3330; x_wconf 82' lang='lat' dir='ltr'><strong>ac</strong></span> <span class='ocrx_word' id='word_1_193' title='bbox 1087 3279 1280 3332; x_wconf 84' lang='lat' dir='ltr'><strong>Delum</strong></span> <span class='ocrx_word' id='word_1_194' title='bbox 1297 3288 1588 3330; x_wconf 73' lang='lat' dir='ltr'><strong>maternam</strong></span> <span class='ocrx_word' id='word_1_195' title='bbox 1616 3276 1793 3330; x_wconf 76' lang='lat' dir='ltr'><strong>invisit</strong></span> <span class='ocrx_word' id='word_1_196' title='bbox 1810 3277 2026 3348; x_wconf 78' lang='lat' dir='ltr'><strong>Apollo,</strong></span> 
     </span>
     <span class='ocr_line' id='line_1_25' title="bbox 740 3359 2045 3434; baseline 0 -21"><span class='ocrx_word' id='word_1_197' title='bbox 740 3360 1111 3431; x_wconf 79' lang='lat' dir='ltr'><strong>Instauratque</strong></span> <span class='ocrx_word' id='word_1_198' title='bbox 1127 3361 1318 3417; x_wconf 86' lang='lat' dir='ltr'><strong>choros</strong></span> <span class='ocrx_word' id='word_1_199' title='bbox 1332 3400 1348 3425; x_wconf 93' lang='lat'>‚</span> <span class='ocrx_word' id='word_1_200' title='bbox 1367 3361 1625 3434; x_wconf 81' lang='lat' dir='ltr'><strong>mixtique</strong></span> <span class='ocrx_word' id='word_1_201' title='bbox 1643 3359 1823 3415; x_wconf 82' lang='lat' dir='ltr'><strong>altaria</strong></span> <span class='ocrx_word' id='word_1_202' title='bbox 1848 3362 2045 3413; x_wconf 75' lang='lat' dir='ltr'><strong>circum</strong></span> 
     </span>
    </p>

    <p class='ocr_par' dir='ltr' id='par_1_10' title="bbox 743 3440 2380 3519">
     <span class='ocr_line' id='line_1_26' title="bbox 743 3440 2380 3519; baseline 0.004 -26"><span class='ocrx_word' id='word_1_203' title='bbox 743 3440 1032 3515; x_wconf 75' lang='lat' dir='ltr'><strong>Cretesque</strong></span> <span class='ocrx_word' id='word_1_204' title='bbox 1049 3446 1393 3517; x_wconf 77' lang='lat' dir='ltr'><strong>Dryopesque</strong></span> <span class='ocrx_word' id='word_1_205' title='bbox 1413 3445 1645 3499; x_wconf 81' lang='lat' dir='ltr'><strong>fremunt</strong></span> <span class='ocrx_word' id='word_1_206' title='bbox 1664 3485 1680 3511; x_wconf 91' lang='lat'>,</span> <span class='ocrx_word' id='word_1_207' title='bbox 1704 3444 1937 3517; x_wconf 82' lang='lat' dir='ltr'><strong>pictique</strong></span> <span class='ocrx_word' id='word_1_208' title='bbox 1962 3445 2261 3519; x_wconf 70' lang='lat' dir='ltr'><strong>Agathyrsi,</strong></span> <span class='ocrx_word' id='word_1_209' title='bbox 2279 3458 2380 3501; x_wconf 88' lang='lat' dir='ltr'><strong>etc.</strong></span> 
     </span>
    </p>
   </div>
   <div class='ocr_carea' id='block_1_10' title="bbox 390 3605 2529 4201">
    <p class='ocr_par' dir='ltr' id='par_1_11' title="bbox 390 3605 2529 4183">
     <span class='ocr_line' id='line_1_27' title="bbox 390 3605 2520 3698; baseline 0.003 -29"><span class='ocrx_word' id='word_1_210' title='bbox 390 3608 487 3671; x_wconf 80' lang='lat' dir='ltr'><strong>Ex</strong></span> <span class='ocrx_word' id='word_1_211' title='bbox 505 3630 585 3671; x_wconf 90' lang='lat' dir='ltr'><strong>eo</strong></span> <span class='ocrx_word' id='word_1_212' title='bbox 604 3608 750 3671; x_wconf 89' lang='lat' dir='ltr'><strong>loco</strong></span> <span class='ocrx_word' id='word_1_213' title='bbox 766 3605 1042 3695; x_wconf 86' lang='lat' dir='ltr'><strong>Virgilii,</strong></span> <span class='ocrx_word' id='word_1_214' title='bbox 1068 3624 1132 3671; x_wconf 91' lang='lat' dir='ltr'><strong>et</strong></span> <span class='ocrx_word' id='word_1_215' title='bbox 1160 3630 1235 3670; x_wconf 83' lang='lat' dir='ltr'><strong>ex</strong></span> <span class='ocrx_word' id='word_1_216' title='bbox 1258 3608 1594 3698; x_wconf 82' lang='lat' dir='ltr'><strong>Heyniana</strong></span> <span class='ocrx_word' id='word_1_217' title='bbox 1624 3606 2027 3695; x_wconf 88' lang='lat' dir='ltr'><strong>expositione</strong></span> <span class='ocrx_word' id='word_1_218' title='bbox 2054 3608 2187 3689; x_wconf 89' lang='lat' dir='ltr'><strong>jam</strong></span> <span class='ocrx_word' id='word_1_219' title='bbox 2224 3628 2520 3697; x_wconf 87' lang='lat' dir='ltr'><strong>petamus</strong></span> 
     </span>
     <span class='ocr_line' id='line_1_28' title="bbox 391 3708 2521 3798; baseline 0.004 -27"><span class='ocrx_word' id='word_1_220' title='bbox 391 3708 738 3791; x_wconf 89' lang='lat' dir='ltr'><strong>nonnulla,</strong></span> <span class='ocrx_word' id='word_1_221' title='bbox 803 3708 1040 3798; x_wconf 87' lang='lat' dir='ltr'><strong>quibus</strong></span> <span class='ocrx_word' id='word_1_222' title='bbox 1095 3726 1476 3798; x_wconf 82' lang='lat' dir='ltr'><strong>praesentem</strong></span> <span class='ocrx_word' id='word_1_223' title='bbox 1541 3709 1770 3775; x_wconf 81' lang='lat' dir='ltr'><strong>Avieni</strong></span> <span class='ocrx_word' id='word_1_224' title='bbox 1831 3710 2047 3774; x_wconf 90' lang='lat' dir='ltr'><strong>locum</strong></span> <span class='ocrx_word' id='word_1_225' title='bbox 2108 3710 2521 3779; x_wconf 84' lang='lat' dir='ltr'><strong>illustremus.</strong></span> 
     </span>
     <span class='ocr_line' id='line_1_29' title="bbox 391 3809 2525 3926; baseline 0.001 -52"><span class='ocrx_word' id='word_1_226' title='bbox 391 3809 966 3926; x_wconf 80' lang='lat' dir='ltr'><strong>Quemadmodum</strong></span> <span class='ocrx_word' id='word_1_227' title='bbox 1004 3812 1284 3876; x_wconf 81' lang='lat' dir='ltr'><strong>Avienus</strong></span> <span class='ocrx_word' id='word_1_228' title='bbox 1336 3810 1518 3893; x_wconf 87' lang='lat' dir='ltr'><strong>dicit,</strong></span> <span class='ocrx_word' id='word_1_229' title='bbox 1550 3834 1743 3875; x_wconf 77' lang='lat' dir='ltr'><strong>«vere</strong></span> <span class='ocrx_word' id='word_1_230' title='bbox 1782 3833 1954 3875; x_wconf 81' lang='lat' dir='ltr'><strong>novo</strong></span> <span class='ocrx_word' id='word_1_231' title='bbox 1985 3811 2277 3875; x_wconf 86' lang='lat' dir='ltr'><strong>solennia</strong></span> <span class='ocrx_word' id='word_1_232' title='bbox 2312 3814 2525 3877; x_wconf 88' lang='lat' dir='ltr'><strong>curari</strong></span> 
     </span>
     <span class='ocr_line' id='line_1_30' title="bbox 392 3910 2523 4002; baseline 0.001 -27"><span class='ocrx_word' id='word_1_233' title='bbox 392 3912 681 3976; x_wconf 78' lang='lat' dir='ltr'><strong>Phoebo»</strong></span> <span class='ocrx_word' id='word_1_234' title='bbox 715 3913 781 3975; x_wconf 91' lang='lat' dir='ltr'><strong>in</strong></span> <span class='ocrx_word' id='word_1_235' title='bbox 816 3914 979 3977; x_wconf 89' lang='lat' dir='ltr'><strong>Delo</strong></span> <span class='ocrx_word' id='word_1_236' title='bbox 1010 3936 1048 3977; x_wconf 88' lang='lat' dir='ltr'><strong>a</strong></span> <span class='ocrx_word' id='word_1_237' title='bbox 1079 3910 1430 4002; x_wconf 76' lang='lat' dir='ltr'><strong>Cycladum</strong></span> <span class='ocrx_word' id='word_1_238' title='bbox 1471 3913 1828 3977; x_wconf 89' lang='lat' dir='ltr'><strong>insularum</strong></span> <span class='ocrx_word' id='word_1_239' title='bbox 1864 3913 2370 3995; x_wconf 85' lang='lat' dir='ltr'><strong>habitatoribus;</strong></span> <span class='ocrx_word' id='word_1_240' title='bbox 2408 3917 2523 3995; x_wconf 89' lang='lat' dir='ltr'><strong>ita,</strong></span> 
     </span>
     <span class='ocr_line' id='line_1_31' title="bbox 395 4012 2529 4113; baseline -0.001 -35"><span class='ocrx_word' id='word_1_241' title='bbox 395 4014 509 4078; x_wconf 87' lang='lat' dir='ltr'><strong>ubi</strong></span> <span class='ocrx_word' id='word_1_242' title='bbox 544 4012 850 4105; x_wconf 84' lang='lat' dir='ltr'><strong>Virgilius</strong></span> <span class='ocrx_word' id='word_1_243' title='bbox 879 4016 1208 4079; x_wconf 73' lang='lat' dir='ltr'><strong>hibernam</strong></span> <span class='ocrx_word' id='word_1_244' title='bbox 1241 4016 1541 4113; x_wconf 82' lang='lat' dir='ltr'><strong>Lyciam</strong></span> <span class='ocrx_word' id='word_1_245' title='bbox 1536 4014 1693 4079; x_wconf 86' lang='lat' dir='ltr'><strong>dicit</strong></span> <span class='ocrx_word' id='word_1_246' title='bbox 1727 4014 1807 4079; x_wconf 91' lang='lat' dir='ltr'><strong>ab</strong></span> <span class='ocrx_word' id='word_1_247' title='bbox 1842 4014 2135 4102; x_wconf 87' lang='lat' dir='ltr'><strong>Apolline</strong></span> <span class='ocrx_word' id='word_1_248' title='bbox 2177 4014 2413 4097; x_wconf 77' lang='lat' dir='ltr'><strong>deseri,</strong></span> <span class='ocrx_word' id='word_1_249' title='bbox 2454 4032 2529 4077; x_wconf 87' lang='lat' dir='ltr'><strong>ut</strong></span> 
     </span>
     <span class='ocr_line' id='line_1_32' title="bbox 395 4114 2526 4201; baseline -0 -22"><span class='ocrx_word' id='word_1_250' title='bbox 395 4114 758 4180; x_wconf 87' lang='lat' dir='ltr'><strong>concedat</strong></span> <span class='ocrx_word' id='word_1_251' title='bbox 741 4140 807 4179; x_wconf 86' lang='lat' dir='ltr'><strong>m</strong></span> <span class='ocrx_word' id='word_1_252' title='bbox 845 4116 1075 4181; x_wconf 89' lang='lat' dir='ltr'><strong>Delum</strong></span> <span class='ocrx_word' id='word_1_253' title='bbox 1111 4118 1188 4182; x_wconf 87' lang='lat' dir='ltr'><strong>ad</strong></span> <span class='ocrx_word' id='word_1_254' title='bbox 1223 4140 1396 4181; x_wconf 88' lang='lat' dir='ltr'><strong>sacra</strong></span> <span class='ocrx_word' id='word_1_255' title='bbox 1435 4117 1524 4180; x_wconf 90' lang='lat' dir='ltr'><strong>ibi</strong></span> <span class='ocrx_word' id='word_1_256' title='bbox 1562 4116 1891 4201; x_wconf 86' lang='lat' dir='ltr'><strong>obeunda,</strong></span> <span class='ocrx_word' id='word_1_257' title='bbox 1924 4118 2087 4181; x_wconf 87' lang='lat' dir='ltr'><strong>veris</strong></span> <span class='ocrx_word' id='word_1_258' title='bbox 2120 4141 2294 4181; x_wconf 82' lang='lat' dir='ltr'><strong>sacra</strong></span> <span class='ocrx_word' id='word_1_259' title='bbox 2330 4115 2410 4181; x_wconf 88' lang='lat' dir='ltr'><strong>ab</strong></span> <span class='ocrx_word' id='word_1_260' title='bbox 2449 4138 2526 4179; x_wconf 88' lang='lat' dir='ltr'><strong>eo</strong></span> 
     </span>
    </p>
   </div>
  </div>
 </body>
</html>
