2996 4685
591 371 726 467 372
891 369 1094 438 axe.
1142 369 1174 434 1
1225 367 1352 434 AD
1401 365 1725 434 Dssscn.
1770 361 2037 432 omns
2083 361 2423 431 TERRAE.

937 487 1118 542 Vitam
1141 485 1368 556 agitant:
1391 495 1503 536 tum
1524 484 1807 537 ceruleum
1830 481 2001 536 Padus
2021 481 2221 538 evomit
2244 494 2399 535 antro

937 571 1158 624 Flumen
1174 605 1192 633 ‚
1213 579 1315 622 etc.

587 744 692 807 Sic
725 740 906 806 facile
941 737 1248 805 declarari
1279 736 1497 825 potuit
1528 735 1621 799 vis
1656 750 1720 800 et
1749 756 1975 799 sensus
2008 733 2490 823 descriptionis,
2516 757 2721 822 quam

584 843 887 914 hocloco
921 839 1294 929 exsequitur
1316 837 1603 902 Avienus
1618 885 1637 919 ,
1673 851 2019 926 postquam
2045 835 2337 900 virorum
2369 833 2721 900 doctorum

585 946 900 1036 penitiore
953 965 1107 1008 cura
1158 939 1284 1006 loci
1325 937 1792 1028 corruptissimi
1837 959 1986 1001 vera
2028 935 2223 1001 lectio
2272 951 2339 1000 et
2386 935 2721 1000 distinctio

588 1049 848 1112 inventa
875 1061 991 1110 est.
1017 1043 1366 1107 Enimvero
1392 1040 1502 1104 hic
1534 1039 1715 1104 locus
1740 1037 1973 1104 illustri
1996 1039 2293 1128 exemplo
2319 1060 2459 1103 esse
2478 1053 2719 1127 potest,

591 1163 908 1239 quantum
957 1144 1296 1209 turbarum
1347 1141 1625 1206 excitare
1671 1141 1843 1204 inter
1886 1138 2141 1204 criticos
2188 1156 2253 1204 et
2300 1139 2683 1227 interpretes
2700 1185 2719 1216 ,

587 1267 882 1340 quotque
933 1262 1303 1313 commenta
1350 1261 1414 1309 et
1466 1266 1649 1333 poene
1702 1256 1992 1307 monstra
2047 1239 2436 1329 opinionum
2494 1257 2721 1326 parere

589 1351 704 1416 uni
713 1373 788 1416 us
854 1349 980 1414 loci
1023 1362 1332 1435 corrupta
1385 1345 1579 1410 lectio
1599 1392 1618 1426 ,
1664 1344 1951 1433 vulgatas
2008 1340 2324 1406 editiones
2373 1337 2683 1406 obsidens
2704 1385 2723 1417 ,

589 1452 796 1540 possit
811 1499 830 1533 ,
863 1447 1130 1539 quando
1157 1445 1242 1512 ad
1273 1468 1413 1511 eam
1435 1445 1541 1512 vel
1564 1443 2008 1533 corrigendam
2040 1443 2143 1509 vel
2172 1439 2721 1531 interpretandam

590 1566 998 1641 consurgunt
1033 1545 1306 1630 eruditi,
1347 1562 1695 1635 antequam
1725 1568 1876 1610 vera
1914 1562 1981 1610 et
2020 1545 2303 1636 genuina
2344 1544 2720 1633 reperiatur.

594 1651 809 1732 Quam
845 1647 1111 1738 quidem
1142 1648 1271 1712 hoc
1302 1648 1370 1710 in
1405 1648 1553 1712 loco
1586 1648 1978 1712 invenerunt
2008 1645 2383 1732 conjectura
2426 1667 2553 1710 non
2590 1665 2725 1708 ma·

593 1753 690 1842 gis
703 1799 726 1834 ,
763 1773 962 1840 quam
998 1749 1376 1814 auctoritate
1409 1747 1651 1813 codicis
1684 1747 1983 1814 Ambros.
2008 1746 2307 1830 adducti3
2348 1746 2462 1811 sed
2496 1749 2565 1810 in
2602 1747 2725 1810 ista

591 1851 1041 1942 disquisitione
1073 1850 1216 1939 quis
1249 1849 1400 1912 satis
1433 1849 1727 1931 miretur,
1763 1849 2006 1913 nullam
2038 1847 2341 1913 editionis
2374 1869 2413 1911 a
2432 1845 2727 1912 Vadiano

589 1951 893 2043 proditoe‚
932 1973 1078 2040 quae
1127 1951 1498 2039 proximum
1553 1966 1979 2040 paratumque
2022 1949 2336 2014 auxilium
2374 1949 2691 2014 offerebat
2706 1999 2727 2033 ,

594 2055 992 2121 mentionem
1027 2051 1262 2117 factam
1297 2073 1470 2133 esse,
1522 2069 1587 2116 et
1624 2067 1963 2140 tantopere
1991 2052 2092 2116 vel
2124 2051 2397 2142 negligi,
2418 2050 2522 2115 vel
2545 2051 2731 2139 igno-

587 2155 714 2218 rari
747 2155 1038 2242 potuisse
1075 2153 1678 2242 praestantissimum
1706 2153 1937 2217 Avieni
1976 2153 2341 2241 exemplum
2362 2200 2382 2233 ,
2420 2151 2599 2240 quod
2630 2175 2733 2216 re-

595 2253 880 2320 centiora
911 2253 1131 2316 omnia
1156 2252 1468 2341 elegantia
1491 2268 1558 2316 et
1578 2253 1989 2318 accuratione
2014 2255 2211 2342 longe
2238 2267 2497 2341 superat
2512 2251 2538 2316 Ρ
2556 2253 2727 2318 Nam

597 2356 664 2417 in
717 2355 838 2418 ista
889 2350 1177 2417 editione
1225 2353 1407 2417 locus
1460 2353 1570 2417 hic
1616 2351 1697 2418 de
1751 2354 2043 2421 terminis
2097 2354 2291 2419 ltaliae
2338 2354 2425 2418 ita
2470 2352 2729 2419 dudum

601 2455 995 2520 constitutus
1015 2501 1034 2535 ,
1079 2470 1411 2519 correctus
1425 2502 1446 2536 ,
1495 2452 1839 2521 distinctus
1888 2456 2183 2545 praejacet
2204 2504 2222 2537 ,
2273 2456 2371 2521 uti
2419 2478 2569 2521 eum
2606 2456 2731 2519 viri

599 2552 838 2619 eruditi
871 2570 1024 2643 post
1060 2554 1284 2643 longas
1325 2553 1825 2635 conjectationes
1868 2574 2231 2623 correctum
2258 2575 2325 2622 et
2348 2556 2737 2623 distinctum

597 2656 967 2721 voluerunt.
1001 2655 1252 2738 Immo,
1289 2653 1471 2742 quod
1503 2658 1703 2746 magis
1732 2658 2016 2740 mireris,
2049 2660 2163 2747 qui
2196 2657 2278 2724 de
2318 2658 2733 2725 emendando

599 2757 847 2822 Avieno
877 2755 1184 2855 inprimis
1212 2773 1368 2821 sunt
1400 2759 1649 2843 meriti,
1698 2782 1820 2824 nec
1852 2778 2069 2824 tamen
2103 2761 2298 2826 ullam
2326 2760 2597 2825 Vadiani
2626 2784 2736 2825 ra·

600 2860 847 2924 tionem
875 2858 1286 2941 habuerunt,
1325 2860 1448 2923 viri
1483 2860 1661 2925 docti
1713 2862 1781 2925 in
1834 2862 2078 2927 Batavis
2130 2879 2318 2944 sunt,
2341 2884 2624 2951 quorum
2658 2862 2738 2928 in

600 2959 1115 3047 praestantissima
1162 2958 1586 3045 bibliotheca,
1638 2984 1781 3051 quae
1825 2962 2126 3052 Lugduni
2174 2966 2557 3029 Batavorum
2602 2981 2736 3047 est,

603 3057 739 3121 haec
762 3058 898 3146 ipsa
919 3056 1190 3125 Vadiani
1215 3058 1414 3127 editio
1445 3078 1651 3125 exstat
1668 3112 1683 3139 ‚
1718 3078 1793 3126 ut
1837 3063 1903 3127 in
1942 3064 2079 3145 ejus
2124 3064 2530 3131 bibliothece
2572 3082 2741 3131 cata·

599 3159 754 3251 logo
775 3210 793 3241 ,
829 3154 1079 3249 p.·19‘8,
1116 3160 1372 3248 legitur.
1397 3162 1550 3227 Wn.

1175 3468 2169 3509 -——--—--·ooo---—-*-..
