2996 4685
1405 593 1513 642 AD

897 789 1046 910 R.
1135 791 1273 916 F.
1359 790 2018 916 AVIENI

791 1047 1187 1136 ORAM
1270 1047 2114 1135 MARITIMAM

1184 1278 1724 1347 PRAEFATIO.

387 1709 794 1821 Ana-nonan
847 1743 1180 1825 carminis,
1241 1741 1421 1830 quod
1471 1743 1553 1806 de
1610 1742 1747 1807 Ora
1806 1746 2133 1805 maritima
2192 1743 2519 1832 inscripsit

389 1849 676 1913 Avienus
694 1898 713 1932 ‚
755 1865 1002 1913 textum
1037 1864 1106 1913 et
1137 1849 1733 1936 interpretationem
1770 1868 2072 1935 propono
2089 1895 2108 1929 ‚
2144 1846 2399 1912 duabus
2435 1848 2519 1913 de

389 1952 584 2017 rebus
622 1954 785 2018 mihi
825 1953 1176 2018 dicendum
1223 1974 1360 2018 esse
1405 1953 1682 2016 arbitror
1696 1999 1715 2033 ,
1760 1973 2036 2038 quarum
2077 1953 2478 2018 mentionem
2496 2003 2515 2036 ,

387 2079 595 2144 quum
623 2061 1011 2148 prooemium
1049 2061 1112 2124 in
1147 2059 1374 2124 Avieni
1411 2059 1697 2124 carmina
1728 2058 2112 2139 scriberem,
2144 2080 2337 2146 parce
2372 2075 2517 2123 tan-

341 2217 358 2234 ,
383 2180 526 2227 tum
555 2165 896 2254 obiterque
927 2166 1049 2230 feci
1066 2213 1084 2243 ,
1117 2187 1332 2253 neque
1356 2165 1541 2228 aliter
1568 2163 1777 2228 facere
1798 2180 1939 2227 tum
1968 2164 2279 2251 temporis
2298 2166 2516 2253 potui3

383 2293 562 2336 nunc
576 2320 595 2355 ‚
624 2288 969 2361 postquam
997 2287 1211 2336 totum
1238 2293 1498 2335 oermen
1525 2273 1819 2335 recensui
1842 2287 1907 2334 et
1932 2293 2087 2335 cura
2108 2270 2515 2361 diligentiore

381 2380 796 2465 pertractavi,
817 2380 1174 2467 pleniorem
1200 2378 1498 2442 notitiam
1532 2376 1940 2465 suppeditare
1966 2398 2255 2465 possum.
2290 2378 2511 2445 Primo

381 2484 556 2546 enim
595 2483 948 2547 enarranda
977 2498 1134 2548 sunt
1163 2482 1482 2563 subsidia,
1520 2482 1757 2570 quibus
1794 2483 1955 2546 mihi
1999 2483 2067 2545 in
2108 2485 2510 2550 recensendo

381 2586 511 2653 hoc
530 2590 848 2676 opusculo
869 2588 969 2651 uti
987 2589 1290 2675 contigit3
1317 2586 1645 2651 indioendi
1666 2604 1822 2651 sunt
1838 2586 2159 2652 librorum
2179 2604 2475 2655 auctores
2488 2640 2509 2668 ‚

382 2716 420 2757 e
445 2693 684 2781 quibus
709 2693 1018 2782 plurimas
1038 2690 1120 2755 ad
1148 2692 1347 2755 Oram
1374 2692 1757 2754 maritimam
1784 2691 2265 2756 observationes
2290 2694 2511 2777 hausi,

381 2802 448 2862 in
495 2821 836 2889 meamque
884 2797 1482 2886 interpretationem
1520 2796 1769 2860 contuli
1799 2817 1815 2859 ε
1856 2794 2159 2883 deinceps
2196 2796 2279 2861 de
2318 2820 2511 2887 argu·

380 2924 599 2972 mento
634 2906 868 2989 libelli,
902 2924 970 2971 et
999 2906 1082 2971 de
1115 2905 1348 2970 ordine
1379 2928 1454 2969 ac
1485 2904 1736 2969 ratione
1771 2926 1991 2968 rerum
2022 2904 2091 2968 in
2130 2928 2210 2969 eo
2242 2906 2507 2973 tradita·

379 3038 524 3077 rum
544 3063 563 3097 ‚
608 3036 830 3079 meum
875 3014 1346 3102 qualecumque
1390 3010 1711 3094 judicium
1756 3010 2183 3099 aperiendum
2226 3012 2506 3079 videtur.

380 3118 786 3208 Praecipuum
830 3118 1208 3183 recensendi
1255 3117 1620 3182 subsidium
1660 3117 1741 3181 ab
1785 3116 2189 3180 humanitate
2223 3116 2363 3181 Viri
2402 3118 2502 3183 Cl.

379 3224 702 3288 Everwini
726 3224 1252 3313 Wassenberghii
1269 3223 1559 3288 oblatum
1576 3239 1686 3287 est
1702 3270 1721 3305 ,
1748 3223 1862 3310 qui
1884 3222 2047 3285 mihi
2064 3223 2295 3286 Am‘em'
2308 3223 2504 3288 Oram

377 3331 802 3411 maritimam,
834 3326 1136 3393 collatam
1170 3352 1313 3393 cum
1354 3328 1480 3395 MS
1514 3328 1895 3417 exemplari,
1926 3349 2123 3391 manu
2146 3328 2513 3394 Abrahami

385 3432 618 3501 On'elii
657 3434 964 3523 descripto
983 3482 1003 3515 ,
1059 3434 1369 3521 impertiit
1386 3482 1405 3515 ,
1461 3434 1570 3497 cui
1628 3447 1694 3496 et
1740 3430 2027 3497 Andreas
2079 3430 2386 3497 Schottus
2440 3452 2505 3500 et

378 3541 547 3605 Petr.
583 3539 934 3605 Seriverius
967 3538 1261 3625 quaedam
1291 3537 1677 3619 adjecerant.
1710 3536 2004 3615 subjecit
2034 3536 2296 3602 selectas
2333 3561 2501 3603 non·

379 3646 586 3709 nullas
607 3642 944 3709 Schraderi
967 3643 1036 3706 in
1066 3644 1264 3707 Oram
1291 3643 1501 3706 marit.
1538 3640 2023 3706 emendationes
2040 3687 2059 3721 ,
2087 3664 2166 3705 ex
2190 3642 2500 3732 adparatu

376 3752 598 3815 critico
639 3750 722 3814 ad
757 3750 1075 3837 Descript.
1119 3747 1314 3813 Orbis
1358 3748 1669 3813 derivatas
1685 3796 1704 3829 ,
1750 3772 1787 3811 e
1826 3769 1959 3835 quo
1994 3747 2137 3835 ipso
2170 3768 2501 3839 excerptas

377 3855 851 3938 adnotationeS‚
887 3877 1046 3943 quas
1074 3854 1398 3943 evulgavi,
1421 3876 1681 3918 mecum
1712 3869 1861 3917 ante
1891 3854 2496 3920 communicaverat.

375 3964 546 4026 Tum
584 3984 769 4041 veru,
799 3959 982 4047 qnod
1023 3960 1436 4049 potissimum
1469 3976 1595 4040 est,
1634 3958 1882 4031 addidit
1916 3958 2091 4023 idem
2129 3958 2209 4023 N.
2248 3960 2495 4025 Heinsii

377 4068 776 4149 conjecturas
793 4067 860 4131 in
881 4066 1110 4133 Avieni
1132 4066 1329 4131 Oram
1349 4084 1506 4132 mar.
1527 4088 1604 4131 ex
1621 4064 2025 4154 autographo
2042 4063 2117 4128 P.
2141 4066 2493 4129 Burmanni
