2996 4685
986 394 1190 462 ORA
1239 389 1795 463 MARITIMA.

527 516 880 609 Teretique
916 513 1130 582 forma
1174 536 1396 606 cespes
1433 510 1657 580 editur
1696 509 1855 580 saio,
1903 553 1913 560 -

2310 394 2447 486 477

527 630 608 694 In
647 625 1014 694 continenti
1050 637 1118 692 et
1153 623 1330 692 inter
1364 621 1867 714 adsurgentium

527 736 764 830 Capita
796 735 1114 830 jugorum
1133 787 1154 820 ,
1196 756 1464 802 rursum
1506 729 1765 799 arenosi
1802 727 1924 797 soli

524 846 735 938 Terga
778 844 1232 938 explicantur3
1269 866 1470 936 seque
1509 838 1804 910 fundunt
1838 837 2032 909 litora

526 955 710 1025 Orba
749 954 1138 1025 incolarum.
1174 953 1394 1023 Setius
1432 950 1588 1020 inde
1629 973 1821 1018 mons
1861 965 2071 1020 tumet

527 1067 850 1134 Procerus
885 1091 1104 1134 arcem
1141 1079 1209 1133 et
1247 1061 1533 1157 pinifer:
1586 1061 1746 1130 Setii
1780 1062 2019 1155 jugum
2378 1093 2451 1133 ⁶0⁵

527 1174 772 1244 Radice
809 1174 954 1244 susa
994 1176 1062 1244 in
1102 1198 1311 1268 usque
1342 1171 1687 1266 Taphrum
1729 1172 2057 1265 pertinet:

333 1378 720 1445 militum,-etc.
765 1379 948 1434 Festus
984 1378 1218 1433 Avienus
1251 1377 1352 1430 ele·

334 1471 518 1529 gauter
555 1474 605 1513 et
628 1477 750 1511 vere
787 1458 1124 1521 Bhsconem,
1148 1456 1350 1510 Setium

334 1549 566 1592 montem
591 1577 608 1600 ,
650 1552 704 1592 et
749 1551 992 1609 stagnum
1034 1537 1202 1590 Tauri
1237 1538 1349 1608 jam

333 1629 446 1670 tum
475 1637 535 1671 ea
564 1630 869 1689 tempestate
904 1618 980 1671 sic
1021 1615 1224 1671 dictum
1253 1615 1348 1668 de·

333 1695 535 1768 scripsit
579 1695 662 1748 his
697 1697 902 1751 verbis:
938 1701 1118 1749 Blasco
1152 1709 1353 1764 propter

333 1775 492 1828 insula
525 1790 624 1836 ese,
657 1788 758 1830 etc.

403 1857 525 1917 604.
557 1861 725 1921 δοςγιιε
751 1859 868 1906 inde
899 1873 1040 1906 mons
1074 1867 1231 1906 mmet.
1265 1853 1350 1908 Sic

333 1930 468 1984 Ven.
501 1945 552 1986 et
581 1933 720 1986 Pith.
755 1945 808 1986 et
838 1933 895 1984 in
928 1933 1170 2004 sequenti
1207 1937 1352 1998 Fecyi

321 2011 516 2076 jugum.
561 2011 848 2064 Hudsonus
901 2011 1170 2082 utrimque
1198 2014 1349 2062 Setius

334 2099 384 2140 et
397 2092 517 2140 Socii
525 2089 820 2144 secundum
840 2090 969 2143 alios
984 2090 1324 2162 Geographos
1332 2131 1348 2158 ,

333 2179 386 2219 et
415 2187 478 2220 ex
509 2169 876 2223 emendatione
903 2169 1078 2222 Vossii
1121 2170 1348 2242 scripsit.

331 2249 446 2298 Setia·
477 2248 635 2301 etiam
680 2249 746 2302 V.
795 2249 972 2303 habet.
1035 2250 1348 2302 Ptolemaeus

329 2330 518 2395 Seguem
537 2329 909 2394 montem,sive
921 2327 1122 2383 setium
1130 2346 1347 2382 vocasse

331 2405 558 2473 videtur,
572 2408 760 2461 Strabo
773 2410 974 2478 Sc’gium,
998 2421 1184 2462 contra
1210 2408 1347 2461 insu-

329 2485 435 2538 lem
473 2487 804 2542 Blasconem.
862 2494 1086 2541 Neruam
1107 2527 1123 2549 ,
1184 2506 1348 2560 quam

333 2566 473 2617 Mela
518 2580 673 2619 vocat
710 2571 880 2619 collem
914 2570 1178 2619 incinctum
1223 2570 1352 2618 mari

327 2664 473 2711 paene
508 2649 764 2713 undique,·
803 2666 896 2705 ac,
945 2648 1044 2697 m'si
1075 2650 1212 2713 quod
1251 2666 1348 2705 arr-

329 2738 476 2790 gusto
514 2742 700 2794 aggere
741 2728 1008 2777 continenti
1043 2728 1347 2777 adnectitur»

331 2805 575 2867 insulam,
607 2804 700 2857 lib.
721 2805 802 2871 11,
829 2822 946 2875 cap.
968 2804 1026 2870 5,
1063 2822 1116 2873 p.
1141 2809 1229 2871 47,
1251 2821 1352 2874 pro

333 2896 513 2936 moute
554 2884 699 2937 Setio
762 2883 924 2937 habet
968 2884 1229 2936 Barbarus
1281 2881 1354 2935 ad

333 2979 452 3013 eum
495 2962 672 3015 locum
715 2962 896 3029 Melo,
922 2975 973 3016 et
1000 2964 1068 3015 Is.
1100 2960 1350 3025 Vossius,

333 3040 424 3111 qui
467 3042 544 3095 ita
590 3054 1010 3096 commentatur:
1052 3046 1226 3093 Mesua
1267 3042 1350 3095 vel

333 3126 542 3172 Memno
605 3122 754 3175 collis
817 3122 858 3174 is
903 3133 1004 3187 est,
1045 3121 1138 3193 qui
1185 3120 1348 3193 vulgo

333 3204 480 3259 Seue,
513 3200 638 3253 olim
671 3202 844 3255 Setius
868 3200 956 3253 vel
991 3200 1173 3272 Segius
1196 3219 1348 3255 mons

333 3277 724 3349 adpellnbatur,
749 3297 942 3351 nempe
985 3290 1095 3333 tota
1133 3280 1225 3333 illa
1263 3300 1351 3352 pe·

334 3357 696 3431 ninsula,quae
712 3358 1000 3411 Volcsrum
1019 3358 1168 3411 litori
1183 3378 1350 3431 usque

334 3437 592 3507 Agatham
647 3448 700 3491 et
759 3438 1072 3491 Blasconem
1124 3438 1348 3492 insulam

333 3516 695 3587 protenditur.
721 3516 922 3571 Set-ium
948 3534 1078 3569 vero
1101 3535 1352 3589 promon-

334 3595 526 3648 torium
580 3607 656 3649 est
713 3595 803 3663 id,
846 3594 992 3667 quod
1043 3595 1203 3650 hodie
1251 3600 1352 3667 Cap

334 3678 538 3743 d’Agde
549 3674 762 3739 dicitur,
775 3675 1086 3747 praejaceute
1101 3675 1354 3729 Blascone

335 3754 501 3807 insule
522 3792 538 3818 ,
576 3756 734 3825 vulgo
767 3761 977 3805 Brescou
1006 3752 1162 3807 dicta.
1196 3751 1352 3825 Apud

333 3832 640 3886 Strabonem
676 3834 815 3887 male
852 3832 1007 3906 Σίγιον
1045 3850 1140 3903 pro
1179 3831 1347 3903 Σήγιον

334 3911 542 3981 legitur.
574 3913 640 3963 In
659 3930 822 3964 manu
841 3912 1066 3965 exaratis
1083 3910 1348 3963 Ptolemaei

335 3990 721 4062 exemplaribus
759 3990 999 4044 similiter
1027 3990 1194 4063 Σήγιον
1224 3990 1350 4043 scri·

335 4070 494 4134 bitur,
521 4088 631 4123 non
650 4070 826 4125 Σήτιον.
854 4070 1098 4123 Meminit
1121 4082 1174 4122 et
1195 4068 1350 4123 Avie-

337 4168 435 4202 nus
475 4149 532 4203 in
575 4150 684 4203 Ora
727 4149 898 4203 Mar-it.
939 4150 1032 4220 qui
1071 4163 1350 4220 postquam

1431 1375 1745 1430 Blasconem
1770 1376 2001 1430 insulam
2026 1380 2315 1447 recensuit,
2332 1399 2457 1435 mox

1435 1453 1615 1508 subdit
1648 1455 1849 1508 Setium
1886 1469 2138 1510 montem.
2171 1490 2243 1500 —
2282 1461 2456 1516 Hodie

1433 1539 1562 1586 Seue
1588 1537 1759 1605 (Ceae)
1782 1553 1893 1588 non
1916 1545 2081 1588 totam
2104 1539 2455 1609 peninsulam,

1435 1611 1529 1666 sed
1556 1613 1747 1666 collem
1775 1613 2121 1679 tantum,nisi
2147 1617 2322 1685 fallor,
2340 1621 2456 1672 uni-

1435 1711 1559 1746 cum
1577 1734 1594 1759 ,
1622 1711 1853 1763 eumque
1875 1705 1996 1746 arce
2018 1695 2284 1750 munitum
2302 1735 2321 1761 ‚
2356 1698 2451 1752 ad·

1433 1773 1649 1843 pellant.
1674 1765 1799 1824 Hoec
1816 1773 1977 1826 Voss.
2000 1773 2067 1826 ad
2090 1774 2215 1828 Mel.
2245 1797 2303 1848 p.
2334 1780 2453 1833 180.

1507 1851 1631 1906 605.
1668 1857 1900 1904 Procerus
1948 1871 2113 1903 amem
2131 1891 2147 1914 ,
2190 1869 2239 1906 ee
2269 1859 2461 1926 pinifer

1433 1933 1582 1997 Feqri
1594 1933 1802 2000 jugum,
1835 1941 1936 1984 etc.
1956 1929 2041 1984 sic
2070 1933 2207 1985 Ven.
2238 1947 2293 1988 et
2314 1935 2455 1989 Pith.

1434 2011 1561 2063 item
1598 2008 1769 2063 Huds.
1808 2011 1903 2080 qui
1935 2020 2141 2063 tantum
2164 2016 2284 2064 Seeii
2306 2016 2460 2068 resti-

1434 2090 1549 2142 tuit.
1574 2087 1679 2142 Sed
1704 2086 2031 2143 Schraderus
2057 2089 2112 2142 in
2140 2089 2248 2142 seb.
2274 2090 2457 2146 distin-

1431 2166 1702 2240 guendum
1728 2179 1873 2220 recte
1894 2168 2101 2221 monuit
2122 2175 2352 2223 Procerus
2371 2193 2460 2225 ar·

1431 2267 1536 2300 cem
1548 2249 1809 2315 ‘cepe'nifen
1828 2249 2150 2316 Setiijugum,
2170 2263 2272 2303 etc.
2292 2271 2457 2304 arcem

1433 2346 1560 2381 vero
1576 2327 1953 2398 interpretatur
1974 2346 2229 2390 cacumen,
2250 2340 2303 2382 et
2320 2350 2457 2403 εγω-

1430 2406 1653 2460 cismum
1680 2407 1929 2479 agnoscit.
1966 2405 2165 2460 Pariter
2186 2407 2459 2483 distinguit

1429 2488 1769 2541 Burmannus
1783 2524 1799 2551 ,
1826 2488 1919 2559 qui
1940 2484 2097 2540 simul
2116 2488 2327 2561 adlegat
2345 2504 2456 2545 not.

1431 2564 1503 2619 nd
1526 2566 1729 2620 Lotich.
1753 2566 1847 2618 lib.
1873 2566 1929 2619 11
1943 2606 1961 2631 ‚
1983 2566 2128 2638 Eleg.
2146 2571 2178 2620 6
2195 2608 2212 2635 ,
2242 2589 2327 2623 20.
2349 2570 2455 2625 Sed

1431 2644 1770 2717 subjiciamus
1801 2645 1943 2698 Petri
1971 2644 2210 2700 Marcani
2235 2649 2457 2704 adnota-

1432 2726 1666 2778 tionem:
1688 2724 1846 2777 Hunc
1870 2737 2104 2779 montem
2126 2726 2200 2779 ait
2226 2729 2459 2784 Avi-us

1435 2802 1595 2855 fuisse
1612 2822 1885 2873 procerum
1903 2822 2077 2857 arcem
2092 2816 2144 2857 et
2155 2804 2457 2881 piniferum.

1435 2880 1677 2953 Antiqua
1717 2881 1857 2939 illius
1890 2883 2027 2936 arcis
2054 2896 2257 2937 exstant
2284 2885 2459 2941 etiam·

1435 2976 1566 3011 num
1612 2958 1835 3027 rudera,
1882 2979 2043 3031 super
2092 2962 2287 3034 quibus
2336 2979 2459 3021 ante

1434 3052 1647 3097 centum
1679 3040 1799 3110 plus
1842 3040 2013 3093 minus
2055 3059 2223 3095 annos
2261 3058 2459 3099 exstru-

1433 3130 1583 3171 ctum
1605 3118 1707 3172 fuit
1728 3132 1977 3185 castrum,
2002 3120 2148 3193 quod
2169 3121 2331 3178 hodie
2348 3127 2457 3178 rui-

1431 3217 1621 3253 nosum
1644 3211 1741 3253 est.
1760 3198 2051 3253 piniferum
2077 3200 2235 3255 fuisse
2252 3218 2457 3259 certum

1432 3290 1513 3331 est
1536 3297 1703 3350 nsque
1728 3276 1799 3331 ad
1824 3297 2023 3331 sunum
2045 3282 2331 3352 16225quo
2352 3286 2454 3337 mi-

1430 3358 1548 3411 lites
1579 3358 1894 3423 stationarii,
1921 3358 1977 3409 in
2010 3376 2075 3411 eo
2100 3372 2275 3420 castro
2300 3364 2461 3416 collo-

1431 3438 1541 3489 cati
1566 3439 1634 3490 ab
1670 3436 1904 3489 Henrico
1928 3437 2314 3493 Moumorancii
2344 3444 2454 3497 Du-

1437 3533 1562 3569 cum
1590 3516 1804 3581 ultimo,
1826 3534 2011 3569 omnes
2027 3517 2241 3571 arbores
2260 3520 2452 3591 pinife-

1436 3613 1523 3647 ras
1548 3592 1871 3649 exciderunt.
1896 3594 2060 3649 Pnu-
2090 3598 2269 3651 Mane.
2290 3601 2337 3667 1,
2368 3622 2453 3668 ιο,

1439 3678 1473 3725 6
1490 3710 1509 3739 ,
1542 3693 1596 3746 p.
1631 3680 1719 3744 47.

1515 3758 1639 3807 606.
1680 3755 2027 3821 Radicefhsa,
2064 3756 2103 3807 i.
2130 3776 2173 3809 e.
2202 3760 2457 3830 producta

1435 3834 1523 3887 vel
1543 3843 1779 3898 extensa,
1799 3845 1858 3883 ut
1882 3834 2056 3903 peullo
2081 3847 2229 3889 ante:
2252 3863 2277 3886 ι
2296 3840 2473 3914 neque'

1437 3910 1671 3965 fundunt
1700 3912 1855 3965 litora
1872 3938 1913 3965 n.
1952 3910 2040 3965 Ad
2071 3914 2319 3971 eumdem
2346 3923 2457 3975 fere

1437 3990 1655 4043 modum
1696 3992 1888 4044 Noster
1932 3990 1999 4043 de
2032 3993 2211 4049 Tauro
2248 4012 2426 4053 monte
2440 4042 2458 4067 ,

1439 4073 1619 4124 Descr.
1648 4070 1775 4124 orb.
1802 4090 1853 4123 v.
1882 4072 2013 4133 844:
2044 4073 2236 4129 «Nunc
2260 4075 2456 4132 directa

1441 4147 1553 4201 solo
1578 4159 1749 4201 tentus
1778 4148 1989 4220 vestigia
2020 4149 2132 4221 figit
2152 4178 2190 4203 ι».
2216 4184 2287 4194 —-
2314 4159 2461 4207 Inus·
