2996 4685
477 411 572 486 68
1045 408 1607 479 EDITIONES
1666 411 2049 480 AVIENI.

474 547 660 634 Opus
705 543 918 629 ipsum
965 539 1191 629 incipit
1238 563 1380 630 pag.
1426 563 1559 630 seq.
1609 565 1643 629 7
1698 543 1831 606 sive
1866 543 1979 608 sol.
2027 564 2063 605 a
2113 541 2240 607 1111
2274 565 2425 608 cum
2463 547 2643 634 epi-

559 663 916 740 grammate
937 647 1202 728 Avieni,
1223 645 1404 736 quod
1426 646 1836 713 inscribitur:
1866 680 1891 702 κ
1918 647 2124 713 Rufus
2152 651 2380 714 Festus
2410 654 2627 716 Av'ie-

561 777 687 817 nus
715 753 789 816 V.
823 754 896 817 C.
921 750 1224 816 Flaviano
1253 751 1610 840 Myrmeico
1633 753 1712 817 V.
1744 755 1815 816 C.
1850 776 1972 817 suo
2010 755 2279 818 salutem
2314 787 2362 820 ι.
2397 755 2629 838 Subji-

563 861 731 924 citm·
776 859 990 923 statim
1043 856 1265 923 eadem
1311 859 1543 947 pagina
1582 881 1600 922 ε
1652 890 1677 914 ιι
1704 857 1855 922 Rufi
1902 859 2077 923 Festi
2135 861 2359 925 Avieni
2406 863 2483 928 V.
2528 867 2621 928 C.

577 967 750 1030 Arati
801 967 1276 1054 phaenomenon
1328 962 1491 1027 liber
1544 963 1771 1052 incipit
1796 995 1841 1028 ι.
1876 967 2088 1052 Atque
2130 965 2258 1030 hoc
2314 967 2385 1029 in
2432 967 2623 1033 libro

555 1073 1044 1135 Phaenomenon
1097 1067 1268 1132 Arati
1323 1067 1739 1157 Prognostica
1790 1069 1964 1132 nulla
2008 1069 2429 1159 inscriptione
2465 1071 2617 1138 ‹lis-

553 1178 965 1267 tinguuntur.
1011 1174 1163 1264 Pag.
1223 1171 1304 1238 58
1359 1173 1491 1238 fere
1546 1173 1758 1238 media
1810 1174 2047 1263 legitur
2091 1198 2107 1239 :
2160 1206 2185 1230 ιι
2216 1174 2370 1239 Rufi
2428 1178 2611 1242 Festi

552 1285 790 1347 Aratus
834 1279 1111 1368 explicit.
1153 1279 1392 1366 Incipit
1438 1277 1729 1358 ejusdem
1772 1279 1953 1343 orbis·
1996 1294 2179 1344 terrae
2227 1281 2403 1346 foelix
2433 1313 2479 1347 ι.
2518 1284 2615 1348 Et

553 1413 694 1479 pag.
737 1387 871 1476 95:
932 1417 956 1441 α
987 1384 1136 1449 Rufi
1190 1386 1359 1450 Festi
1417 1385 1782 1473 Descriptio
1834 1385 2025 1450 Orbis
2080 1401 2271 1450 terrae
2316 1389 2602 1478 explicit.

551 1494 790 1582 Incipit
836 1493 982 1557 Orae
1035 1491 1370 1556 maritimae
1422 1490 1589 1554 liber
1632 1491 1878 1578 primus
1927 1492 2079 1555 felix
2108 1523 2157 1557 ι.
2218 1493 2361 1557 Hoc
2412 1491 2605 1559 finito

548 1623 692 1691 pag.
732 1624 756 1664 1
775 1597 852 1664 13
883 1616 950 1664 et
984 1599 1209 1662 ultima
1245 1594 1584 1677 subjicitur
1618 1621 1634 1661 ε
1686 1629 1711 1652 α
1744 1595 1895 1661 Rufi
1932 1597 2104 1661 Festi
2138 1599 2364 1664 Avieni
2401 1623 2601 1689 opera

549 1705 790 1769 finiunt
821 1737 866 1768 n.
922 1704 1092 1769 Hinc
1123 1702 1374 1793 paginis
1407 1702 1615 1766 tribus
1650 1702 1870 1766 charta
1905 1725 2065 1791 pura
2104 1705 2323 1770 relicta
2360 1722 2489 1790 est,
2533 1724 2599 1772 et

548 1812 948 1876 continuatis
991 1811 1322 1874 literarum
1374 1810 1590 1890 notis,
1639 1809 2005 1874 chartarum
2072 1809 2367 1874 ordinem
2431 1811 2597 1876 indi-

545 1917 878 1999 cantibus,
908 1938 1057 1979 cum
1087 1915 1268 1979 litera
1300 1915 1344 1977 h
1376 1915 1603 2002 incipit
1633 1937 1781 2003 pars
1814 1915 2005 1979 altera
2036 1915 2419 1999 voluminis,
2449 1941 2591 2007 pag.

551 2047 576 2087 1
595 2047 695 2110 17,
719 2025 838 2088 hac
869 2022 1324 2111 inscriptione:
1355 2052 1380 2076 «ι
1404 2021 1869 2112 Fragmentum
1911 2022 2070 2085 arati
2111 2023 2589 2110 phaenomenon

543 2153 660 2219 per
709 2129 1150 2218 germanicum
1203 2131 1268 2190 in
1327 2127 1603 2191 latinum
1654 2129 1946 2191 conversi
2002 2149 2151 2191 cum
2218 2147 2605 2194 commento

540 2257 749 2322 nuper
785 2235 852 2298 in
890 2233 1103 2298 Sicilia
1139 2247 1472 2320 repertum
1493 2263 1540 2295 ιι.
1586 2233 1739 2321 Pag.
1778 2233 1931 2318 196,
1966 2233 2195 2321 incipit
2239 2265 2263 2288 α
2286 2235 2377 2298 Μ.
2399 2236 2589 2300 T'ullii

544 2336 876 2401 Ciceronis
933 2336 1370 2425 fragmentum
1441 2335 1613 2398 Arati
1677 2335 2165 2401 Phaenomenon
2195 2372 2219 2395 ι»
2294 2337 2374 2404 ad
2442 2342 2588 2405 208.

539 2447 692 2533 Pag.
728 2464 856 2527 209
887 2464 902 2506 :
949 2472 974 2496 ιι
1007 2440 1233 2528 incipit
1285 2442 1368 2523 Q.
1418 2441 1642 2504 Sereni
1684 2440 2023 2506 Medicinae
2065 2441 2310 2526 liber»,
2348 2460 2413 2508 et
2452 2446 2595 2509 finit

542 2576 605 2640 p.
637 2548 798 2635 239,
837 2548 904 2611 in
937 2570 1063 2634 qua
1098 2546 1538 2634 subscriptum
1573 2547 1808 2636 legitur
1836 2570 1851 2611 ε
1890 2579 1915 2603 «ι
1946 2550 2088 2612 Hoc
2120 2572 2286 2636 opus
2319 2550 2587 2639 impres·

538 2678 684 2721 sum
707 2652 995 2717 Venetiis
1031 2666 1166 2715 arte
1195 2669 1278 2716 ‘et
1318 2653 1583 2741 ingenio
1617 2654 1882 2718 Antonii
1928 2654 2009 2717 de
2046 2654 2267 2717 Strata
2315 2660 2587 2723 Cremo-

540 2760 780 2827 nensis.
806 2759 998 2823 Anno
1025 2758 1245 2822 salutis
1280 2758 1963 2823 MCCCCLXXXVIII
1980 2807 1999 2839 ,
2036 2776 2265 2825 octavo
2290 2764 2421 2827 Cal.
2448 2764 2586 2828 No-

537 2852 831 2931 vembres
849 2898 892 2928 n.
923 2865 998 2927 In
1025 2886 1241 2929 aversa
1262 2862 1400 2944 ejus
1425 2864 1559 2927 folii
1584 2865 1794 2929 ultimi
1818 2866 2048 2954 pagina
2078 2864 2292 2932 adhuc
2317 2868 2585 2959 legitur:

540 3006 564 3031 «ι
587 2971 866 3037 Victoris
887 2970 1104 3034 Pisani
1129 2968 1285 3058 (pro
1305 2994 1439 3058 quo
1460 2972 1688 3036 vitiose
1716 2972 2001 3059 positum
2037 2990 2133 3036 est
2156 2974 2378 3039 Victor
2400 2978 2585 3041 P'isa-

534 3104 653 3147 nus
678 3078 794 3166 ad)
827 3077 910 3141 ad
933 3077 1207 3142 Paulum
1237 3078 1542 3142 Pisanum
1580 3081 1647 3141 in
1688 3094 2021 3165 postremo
2058 3102 2258 3169 opere
2289 3106 2585 3148 commo-

419 3196 427 3207 '
536 3186 768 3266 nitio»,
805 3206 932 3272 qua
971 3182 1256 3247 breviter
1287 3184 1604 3248 rationem
1640 3183 1944 3271 exponit,
1981 3207 2099 3248 cur
2130 3186 2593 3275 impressorem·

533 3291 844 3358 artificem
867 3290 1174 3353 hortatus
1199 3289 1312 3371 sit,
1339 3304 1414 3352 ut
1445 3288 1763 3353 Serenum
1786 3292 2013 3373 Arato,
2038 3292 2363 3359 medicum
2391 3312 2589 3361 astro·

533 3421 734 3464 nomo
772 3396 1217 3485 conjungeret.

619 3506 698 3567 In
734 3502 858 3567 hac
893 3502 1092 3590 igitur
1118 3500 1400 3589 partium
1429 3499 1729 3564 omnium
1762 3502 2112 3568 voluminis
2137 3504 2577 3580 ordinatione,

532 3632 728 3698 quam
775 3606 1169 3689 memoravi,
1211 3606 1614 3670 conveniunt
1656 3606 1827 3671 inter
1877 3630 1945 3672 se
1994 3609 2113 3675 tria
2162 3610 2579 3696 exemplaria,

530 3730 814 3797 quorum
845 3708 1139 3771 notitiam
1173 3708 1393 3772 habui.
1425 3708 1615 3771 Unus
1643 3707 1949 3797 idemque
1978 3710 2332 3799 impressor
2356 3710 2421 3773 in
2449 3710 2578 3776 fine

528 3815 729 3879 totius
765 3810 1117 3876 voluminis
1161 3812 1542 3877 nominatur
1578 3814 1904 3878 Antonius
1944 3814 2024 3877 de
2060 3816 2313 3895 Strata,
2362 3838 2577 3904 neque

530 3920 596 3983 in
633 3916 866 4006 prioris
898 3914 1094 4004 partis
1121 3916 1280 3999 fine,
1323 3935 1400 3983 ut
1426 3918 1821 3984 Clementius
1860 3918 2277 4003 conjiciebat,
2312 3938 2573 3986 notatus

526 4023 847 4113 reperitur.
865 4020 1149 4086 Thomas
1177 4022 1256 4087 de
1277 4024 1515 4088 Blavis.
1557 4024 1840 4107 Quando
1882 4046 2040 4089 vero
2076 4024 2221 4091 Nic.
2248 4028 2571 4091 Antonius

527 4133 714 4198 aliam
746 4128 1034 4213 ejusdem
1074 4128 1228 4195 anni
1262 4152 1344 4195 eo
1375 4130 1763 4219 impressore
1788 4130 2151 4221 evulgatam
2183 4132 2529 4202 editionem
2549 4180 2577 4223 ξ,
