2996 4685
701 393 1327 461 DESCRIPTIO
1395 393 1699 459 ORBIS
1768 392 2136 459 TERRAE.

2356 388 2481 459 351

447 517 711 601 Oritas,
759 516 1121 608 Aribasque
1158 530 1224 581 et
1263 513 1520 582 veloces
1558 512 1951 597 Aracliota3‚

449 629 540 694 Et
575 628 838 694 Satram
882 624 1204 710 infidum,
1243 624 1340 691 vel
1382 626 1496 717 qui
1544 648 1661 716 per
1698 624 2033 717 inhospita
2070 621 2197 690 late

449 734 738 802 Discreti
783 733 1084 828 populis,
1135 733 1406 802 discreti
1454 732 1703 801 finibus
1744 735 1886 827 agri

449 848 626 913 Arva
664 844 952 938 agitant,
993 868 1130 911 uno
1173 843 1288 911 sed
1323 843 1597 913 nomine
1632 856 1789 910 sunt
1826 841 2075 910 Arieni.
2398 869 2497 907 σου

451 955 536 1023 Ηί
573 978 978 1048 quamquam
1019 952 1273 1023 steriles
1309 952 1675 1021 decurrant
1712 974 1973 1045 semper
2006 974 2271 1034 arena3‚

449 1068 734 1133 Munera
772 1088 896 1132 nec
932 1078 1211 1159 carpant
1248 1061 1528 1133 cerealia
1554 1116 1573 1147 ‚
1624 1086 1743 1130 nec
1780 1085 1955 1129 nova
1994 1059 2181 1155 prelo

451 1178 674 1244 Musta
713 1190 1060 1270 premant,
1103 1174 1284 1243 fulvo
1325 1188 1549 1243 tamen
1596 1174 1909 1241 invenere
1946 1170 2197 1241 corallo

353 1390 474 1442 cani
497 1427 512 1453 ‚
537 1390 630 1442 lib.
673 1392 759 1442 111
781 1432 796 1455 ,
841 1397 972 1457 249:
1003 1390 1190 1443 -Tunc
1233 1390 1377 1441 furor

354 1483 616 1523 extremos
644 1470 808 1522 movit
837 1471 1108 1523 Romanus
1134 1469 1347 1522 Orestas
1364 1508 1380 1533 ,

354 1549 750 1621 Carmanosque
794 1547 1025 1613 ducem-3
1061 1548 1152 1600 ubi
1192 1553 1379 1599 Oresta

353 1646 473 1699 quae
497 1646 626 1699 gens
653 1640 704 1681 et
729 1628 924 1699 quibus
951 1627 1081 1680 locis
1113 1640 1376 1680 terrarum

357 1706 514 1759 fuerit
534 1745 549 1771 ‚
591 1706 779 1760 sedulo
825 1707 1183 1779 quaesiverunt
1229 1706 1382 1758 inter·

355 1798 546 1857 pretes.
574 1786 838 1851 Quoniam
864 1799 1038 1839 tamen
1061 1786 1128 1839 de
1150 1786 1382 1840 Orientis

358 1864 567 1936 populis
621 1866 899 1918 manifeste
947 1884 1120 1919 sermo
1173 1879 1250 1919 est
1273 1904 1288 1927 ,
1330 1876 1382 1917 et

361 1948 549 1993 Oresta·
588 1944 892 2015 junguntur
945 1947 1230 2005 Carmanis,
1270 1942 1380 1995 Ou-

359 2020 682 2094 dendorpius
702 2042 823 2077 eum
843 2023 1110 2095 Scaliger«)
1129 2035 1177 2075 et
1192 2023 1381 2075 Grotio

361 2102 715 2155 verisimiliter
725 2101 952 2175 judicat,
973 2101 1184 2155 eosdem
1207 2108 1380 2154 Oretas

359 2180 440 2232 vel
494 2184 658 2232 Oritas
675 2220 690 2241 ,
735 2180 801 2233 de
851 2181 1047 2253 quibus
1095 2181 1381 2255 Dionysius

357 2260 574 2331 ejusque
606 2260 912 2331 interpretes
944 2271 1140 2331 agunt,
1158 2278 1186 2311 a
1211 2260 1382 2313 Luca-

359 2359 430 2392 no
459 2338 711 2411 intelligi,
738 2339 979 2412 quamvis
1023 2338 1113 2391 ille
1148 2337 1377 2411 primam

357 2418 612 2492 syllabam
641 2419 902 2482 nominis,
930 2437 1046 2492 quae
1081 2419 1224 2492 apud
1253 2421 1380 2473 istos

357 2510 574 2568 propter
590 2499 643 2550 τὸ
668 2520 706 2550 ω
733 2495 894 2569 longa
914 2510 989 2551 est
1005 2539 1020 2564 ,
1042 2498 1375 2570 corripuerit.

357 2577 492 2628 Mihi
503 2576 716 2629 videtur
733 2579 977 2630 Lucanus
987 2577 1098 2648 ipse
1114 2577 1380 2649 scripsisse

362 2661 561 2707 Orestas
579 2693 594 2716 ,
613 2655 759 2726 quod
797 2655 1012 2727 plurimi
1039 2655 1246 2709 codices
1275 2676 1381 2710 ser-

364 2745 486 2787 vant
505 2775 520 2799 ,
539 2746 698 2805 atque
717 2734 801 2788 vel
829 2733 1136 2790 confudisse
1163 2737 1384 2789 nomina

363 2819 552 2866 Oresta·
587 2823 638 2865 et
681 2819 842 2866 oma-
881 2831 976 2886 per
1014 2813 1344 2866 oscitantiam
1364 2855 1382 2882 ,

359 2905 449 2946 aut
494 2892 562 2946 de
601 2892 855 2946 industria
905 2892 1086 2946 lusisse
1129 2892 1183 2946 in
1226 2893 1384 2946 simili

362 2979 548 3024 Oreseae
585 2973 803 3026 nomine
821 3014 836 3040 ,
862 2972 1112 3046 quoniam
1143 2973 1205 3025 iis
1233 2973 1382 3026 suro·

359 3070 472 3104 rem
495 3052 701 3104 tribuit.
723 3052 1065 3108 W.—On'eas
1096 3057 1386 3122 Arabasque

363 3131 501 3183 Ven.
524 3146 573 3184 et
596 3130 732 3184 Pith.
751 3135 1028 3200 Aribasque
1054 3133 1222 3204 Cusp.
1245 3131 1383 3186 vad.

363 3207 535 3262 Huds.
566 3210 639 3263 sic
667 3221 718 3264 et
739 3209 900 3263 Prisc.
924 3230 974 3264 v,
1001 3212 1147 3266 1003.

445 3289 592 3356 1298.
645 3293 712 3338 Ee
760 3293 947 3357 Sagam
998 3293 1202 3362 infidum
1251 3290 1384 3342 Ven.

365 3365 503 3418 Pith.
529 3364 701 3419 Huds.
729 3367 946 3420 Camers
973 3367 1042 3420 ad
1067 3369 1227 3422 Prisc.
1255 3369 1386 3422 1003

365 3446 593 3500 correxit
629 3465 658 3497 c
691 3445 945 3518 Dionysio
971 3449 1252 3498 Satraidam
1279 3449 1390 3517 infi-

363 3531 477 3578 dum
498 3566 514 3591 ,
535 3544 695 3598 quem
735 3525 972 3597 sequitur
1000 3525 1137 3578 vad.
1182 3523 1392 3578 Hudso·

364 3625 463 3657 nus
489 3605 702 3675 conjicit
721 3642 736 3668 ,
763 3605 940 3656 forsan
965 3607 1141 3655 Sacam
1170 3605 1388 3676 infidum.

363 3682 464 3738 Sed
485 3683 675 3736 rectius
699 3702 816 3738 meo
834 3681 1037 3754 judicio
1063 3681 1390 3738 Schraderus

365 3763 420 3816 iu
448 3762 558 3814 sch.
583 3767 648 3813 Ee
671 3769 865 3814 Sacram
893 3766 1118 3834 infidum.
1141 3762 1254 3815 Hoc
1277 3763 1391 3834 ipse

367 3842 650 3914 Dionysius
689 3844 894 3914 probat.
925 3841 1134 3895 Deinde
1155 3845 1387 3906 infidum,

367 3936 415 3974 ee
458 3925 544 3988 qui
581 3941 676 3988 per
718 3923 962 3989 inhospita
1014 3918 1179 3972 edidit
1226 3918 1394 3971 Huds.

1466 1386 1569 1441 Sed
1605 1402 1939 1457 summopere
1978 1385 2179 1456 probo,
2220 1386 2365 1457 qnod
2380 1387 2498 1441 Wi-

1467 1464 1665 1518 thofius
1710 1464 1964 1537 conjecit,
2006 1468 2217 1533 populis.
2264 1468 2496 1521 Suadent

1467 1544 1571 1596 hoc
1610 1544 1884 1615 sequentia
1913 1545 2310 1613 disentifinibtcs
2339 1553 2457 1617 agri
2474 1588 2487 1607 ,

1467 1624 1559 1675 ubi
1581 1623 1704 1694 quia
1722 1624 1773 1673 τὸ
1797 1624 1995 1673 discreti
2016 1624 2299 1694 repetitur,
2320 1646 2496 1680 neces-

1469 1722 1525 1755 se
1545 1714 1621 1754 est
1648 1713 1705 1753 ut
1726 1700 1923 1773 duplex
1951 1700 2231 1755 discrimen
2263 1704 2498 1761 indicare

1469 1780 1696 1834 voluerit
1730 1793 1918 1833 auctor
1955 1800 2165 1849 eorum,
2189 1787 2275 1850 qui
2296 1806 2389 1852 per
2420 1788 2495 1837 in-

1468 1863 1661 1929 hospita
1684 1880 1807 1911 arva
1835 1863 2056 1929 agitant,
2084 1880 2277 1934 nempe
2305 1864 2495 1917 discre-

1468 1950 1551 1990 tos
1592 1958 1705 1993 esse
1745 1951 1798 1992 et
1834 1942 2030 2009 populis
2073 1953 2123 1993 et
2144 1944 2338 2011 finibus
2366 1950 2494 2013 agri.

1467 2021 1653 2084 Juvat,
1676 2019 1820 2092 quod
1846 2020 1981 2073 infra
2006 2040 2057 2075 v.
2086 2022 2220 2075 1333
2236 2030 2443 2093 populos
2467 2046 2494 2078 a

1465 2114 1614 2169 geme
1641 2098 1927 2171 distinguit.

1548 2178 1701 2231 1302.
1732 2184 1945 2231 Munera
1972 2200 2065 2230 nec
2095 2196 2311 2249 carpant
2332 2204 2501 2234 cerea-

1468 2258 1536 2307 Ιία
1547 2296 1563 2317 ,
1582 2258 1616 2309 i.
1629 2277 1677 2310 e.
1696 2256 1873 2330 fruges
1888 2276 2134 2329 agrorum
2150 2270 2202 2311 et
2216 2260 2497 2327 frumenta,

1469 2347 1527 2387 ut
1578 2338 1819 2388 cerealem
1874 2342 2085 2390 culmum
2132 2338 2287 2392 Maro
2328 2338 2459 2394 dixit
2482 2384 2498 2410 ,

1467 2415 1535 2468 G.
1563 2417 1635 2482 11,
1659 2417 1759 2486 517
1780 2435 1796 2479 ;
1820 2421 2044 2468 Cerealia
2063 2437 2269 2472 munera
2290 2433 2340 2472 et
2364 2426 2499 2474 dona

1466 2494 1607 2547 Naso
1626 2535 1641 2560 ,
1654 2497 1781 2547 Met.
1798 2495 1877 2547 XI
1892 2535 1907 2560 ,
1928 2513 1951 2548 1
1963 2515 2043 2548 2².
2066 2499 2250 2549 Cereris
2266 2519 2500 2552 commer-

1467 2577 1547 2646 cia
1586 2573 1782 2626 Noster
1822 2593 1987 2646 supra
2016 2595 2091 2628 vs.
2128 2595 2255 2645 919,
2297 2591 2349 2630 et
2386 2581 2500 2633 Pri·

1469 2654 1673 2705 scianus
1696 2673 1750 2705 v.
1776 2671 1882 2724 720
1901 2653 1968 2706 de
1990 2655 2299 2726 Massagetis
2319 2660 2499 2712 :·‹N0n

1469 2729 1663 2782 Bacchi
1684 2731 1905 2784 domum
1921 2770 1936 2795 ,
1950 2733 2161 2786 Cereris
2178 2735 2259 2788 vel
2279 2757 2502 2792 munera

1471 2821 1722 2864 norunt».
1736 2810 2062 2864 Similiterde
2079 2827 2216 2865 terra
2232 2815 2399 2868 exsilii
2419 2820 2500 2870 sui

1470 2887 1629 2940 Ovid.
1653 2889 1814 2942 Trist.
1829 2891 1937 2954 111,
1978 2907 2042 2941 10
2058 2928 2073 2954 ,
2103 2911 2165 2962 71
2191 2909 2205 2944 z
2228 2919 2252 2938 α
2270 2895 2389 2948 Non
2408 2895 2499 2950 hie

1471 2967 1755 3040 pampinea
1783 2967 1950 3022 dulcis
1980 2968 2105 3022 latet
2130 2990 2233 3025 uva
2260 2975 2359 3025 sub
2390 2995 2502 3028 um·

1471 3049 1597 3112 bra,
1634 3047 1749 3106 Nee
1792 3047 2069 3101 cumulant
2113 3049 2246 3104 altos
2298 3053 2498 3108 fervida

1473 3137 1645 3178 musta
1668 3125 1814 3180 lacus
1829 3154 1867 3179 ι».
1893 3127 1974 3180 Ad
1994 3129 2187 3184 verba:
2208 3157 2230 3178 .-
2248 3151 2345 3185 nec
2366 3153 2501 3188 nova

1472 3206 1622 3277 prelo
1666 3207 1841 3259 Musta
1889 3220 2167 3279 premant»
2194 3213 2338 3263 conf.
2379 3213 2500 3265 Cal-

1473 3304 1629 3356 purn.
1660 3285 1777 3338 Ecl.
1812 3287 1869 3346 1,
1898 3305 1945 3338 ι.
1970 3291 2054 3338 W.

1556 3363 1703 3416 1303.
1732 3367 1879 3415 Flclvo
1904 3377 2069 3414 tamen
2096 3367 2325 3418 invenere
2350 3376 2505 3422 coral-

1476 3447 1546 3494 lo.
1586 3441 1665 3494 De
1702 3447 1891 3494 corallo
1918 3443 2163 3496 observat
2190 3443 2408 3500 Salmas.
2436 3449 2505 3502 ad

1477 3521 1587 3574 Sol.
1622 3539 1675 3592 p.
1704 3521 1802 3582 63,
1822 3521 2132 3576 vetustiores
2166 3522 2375 3578 Graecos
2402 3527 2507 3582 La-

1477 3601 1725 3672 tinosque
1748 3601 2028 3672 scriptores
2052 3603 2321 3674 scripsisse
2338 3607 2505 3678 κουρά-

1477 3689 1595 3744 λιον,
1625 3682 1885 3732 curalium.
1916 3679 2001 3733 sic
2027 3681 2173 3752 apud
2215 3683 2465 3738 Ovidium
2486 3728 2501 3752 ,

1477 3761 1605 3813 Met.
1636 3759 1755 3822 XV,
1785 3762 1919 3824 416,
1943 3759 2109 3830 (adde
2137 3761 2280 3816 Grat.
2302 3783 2351 3816 v.
2381 3771 2506 3830 405)

1477 3836 1893 3912 legi,ipsumque
1912 3839 2229 3913 Dionysium
2252 3859 2327 3896 vs.
2357 3861 2377 3894 1
2394 3845 2506 3896 103.

1483 3921 1818 3973 Recentiores
1842 3919 2056 3973 Graecos
2082 3922 2402 3996 Latinosque
2428 3923 2511 3977 di-

365 4011 548 4052 contra
575 4001 887 4052 vetustiores
912 3999 1035 4052 edd.
1063 4017 1182 4070 quae
1202 4003 1399 4052 rectius
1487 3999 1621 4051 xisse
1642 3999 1903 4070 κοράλλιον.
1928 4000 2015 4052 Sic
2035 4001 2317 4054 Arrianum
2342 4003 2397 4054 in
2419 4005 2513 4056 Pe-

366 4080 568 4132 habent
592 4084 681 4130 ve!
705 4083 793 4147 qai
803 4099 902 4147 per
923 4082 1187 4146 inhospita.

444 4177 598 4228 1²99·
627 4161 839 4210 Βίων-εει·
856 4160 1028 4228 populi
1059 4177 1242 4212 omnes
1282 4157 1400 4212 edd.

1489 4078 1611 4150 ripl.
1678 4097 1805 4131 mar.
1872 4079 2084 4154 Erythr.
2153 4079 2477 4154 Hesychium
2497 4118 2512 4142 ,

1491 4158 1895 4222 Nemesianum3
1922 4159 2008 4228 (in
2034 4179 2143 4230 quo
2168 4172 2315 4212 errat
2351 4159 2513 4212 Salm.
