2996 4685
481 323 620 395 266

1222 329 1306 395 R.
1358 329 1433 396 F.
1486 330 1853 400 AVIENI

573 448 885 518 Threicio
916 447 1000 516 de
1032 451 1254 518 Marte
1286 464 1471 537 satae,
1515 450 1798 544 junxere
1831 451 2146 546 profectae

576 558 1029 629 Concubitus:
1068 556 1304 654 longas
1340 557 1603 631 exercet
1637 565 1942 633 Sarmata
1979 559 2211 631 silvas:

574 673 676 738 Ex
714 669 958 763 quibus
990 667 1253 763 elapsus
1277 670 1520 740 Tanais
1555 671 1789 765 procul
1829 695 1988 740 arva
2021 683 2319 765 pererrat

578 780 906 865 Barbara,
940 792 1006 848 et
1040 781 1107 846 in
1144 778 1380 848 salsam
1420 781 1766 875 protendit
1796 795 1980 875 terga
2018 777 2356 874 paludem.
2531 801 2611 839 aa„

577 879 705 960 Hic
732 891 955 959 Asiam
985 895 1255 985 Europa
1292 891 1746 960 disterminat:
1783 891 2034 960 arduus
2069 890 2269 958 istum

574 1004 915 1071 Caucasus
948 1015 1247 1072 eructat:
1281 1001 1625 1096 Scythicos
1657 1001 1769 1070 hic
1804 1001 1990 1070 fusus
2021 1001 2092 1068 in
2119 1023 2318 1094 agros

575 1114 1070 1204 Impacatorum
1110 1112 1323 1182 nutrit
1358 1112 1606 1206 pubem
1643 1111 2072 1207 populorum.

581 1223 801 1315 Hujus
842 1236 1203 1316 utrumque
1238 1221 1411 1292 latus
1446 1223 1666 1316 quatit
1707 1220 1946 1319 amplis
1980 1222 2218 1290 bruma
2263 1216 2613 1315 procelliS,

481 1490 712 1544 eumque
728 1471 799 1526 ait
812 1472 1246 1526 Brouckhusium
1263 1473 1317 1526 in
1338 1491 1508 1546 marg.

484 1551 696 1605 Madrit.
738 1553 1042 1605 correxisse.
1078 1552 1326 1606 Conferri
1359 1555 1511 1626 jubet

484 1633 636 1685 Voss.
657 1631 810 1685 Aual.
830 1631 910 1696 Π,
949 1629 1033 1686 33.

554 1711 673 1766 858.
702 1718 897 1780 Longu
932 1725 1131 1764 exercet
1167 1717 1397 1764 Sumam
1432 1715 1513 1766 ³1⁰1-

482 1812 589 1845 ναι.
634 1791 841 1846 Phrasis
882 1811 1115 1843 exercere
1154 1794 1302 1844 silvas
1366 1796 1510 1865 (pro

480 1890 587 1944 qua
626 1870 784 1924 Prisc.
820 1873 1074 1939 habitare)
1108 1871 1223 1924 sine
1266 1869 1510 1942 exemplo

480 1965 573 2004 est.
600 1951 763 2004 Silius
787 1948 1004 2023 quidem
1026 1950 1156 2003 VIII
1176 1991 1192 2018 ,
1238 1952 1338 2004 566
1359 1988 1375 2014 ,
1422 1951 1511 2004 ha·

474 2033 570 2084 bet
589 2035 743 2084 lustra
769 2045 1035 2093 exercent,-
1062 2029 1157 2083 sed
1188 2032 1263 2084 ibi
1295 2051 1326 2084 e
1360 2032 1510 2085 Colo·

479 2109 653 2163 niensi
668 2111 809 2162 libro
828 2108 1074 2163 Heinsius
1090 2110 1299 2182 reponit
1315 2113 1512 2178 Exagi-

479 2189 779 2241 ecmt.Scun.
817 2221 887 2230 —-
923 2191 991 2241 At
1008 2189 1165 2242 Silius
1198 2205 1372 2261 tamen
1404 2190 1510 2242 alio

478 2267 599 2320 loco
626 2267 765 2321 banc
796 2267 1015 2339 phrasin
1044 2269 1318 2339 usurpavit
1334 2307 1351 2334 ,
1382 2268 1509 2334 XV,

482 2364 680 2417 *vs-772
707 2365 721 2399 ε
767 2348 911 2411 «Ut,
945 2366 1114 2419 quum
1132 2360 1329 2401 venatu
1348 2348 1509 2402 saltus

482 2438 695 2479 exercet
748 2443 944 2497 opacos
998 2426 1260 2497 Dictynna
1292 2452 1335 2478 a.
1384 2428 1508 2492 Quo

482 2503 699 2576 quidem
720 2504 929 2577 plenius
956 2523 1069 2559 rem
1094 2505 1391 2578 eloquitur,
1414 2504 1510 2559 ad-

483 2584 599 2637 dito
624 2598 815 2636 venatu
828 2623 845 2646 ,
888 2582 981 2637 sed
1000 2584 1103 2637 hoc
1126 2586 1283 2638 etiam
1312 2586 1508 2639 omisso

484 2662 687 2716 nudam
706 2662 925 2734 phrasin
946 2684 1177 2716 exercete
1193 2668 1341 2717 silvas
1364 2681 1510 2720 recte

483 2742 554 2796 de
586 2754 781 2796 venatu
818 2741 1058 2796 adhiberi
1077 2785 1092 2809 ,
1136 2744 1284 2797 facile
1313 2742 1510 2798 docent

479 2821 675 2874 similes
694 2821 971 2875 Poetarum
988 2821 1268 2889 dictiones,
1298 2837 1357 2877 ut
1370 2824 1509 2879 Gra·

482 2903 543 2955 tii
569 2922 757 2955 movere
788 2913 841 2955 et
868 2907 1115 2973 impellere
1140 2906 1289 2956 silvas
1318 2923 1365 2957 v.
1393 2906 1423 2958 3
1456 2916 1512 2959 et

484 2982 579 3045 65,
601 2982 724 3035 val.
752 2981 924 3035 Flacci
974 3010 998 3028 u
1014 2983 1239 3053 fatigare
1266 2985 1423 3037 silvas
1446 3010 1471 3029 a
1493 3025 1510 3050 ,

484 3064 596 3127 111,
639 3081 733 3127 ²13
762 3062 874 3116 Silii
905 3062 1145 3133 «agitare
1164 3064 1327 3116 saltus
1346 3089 1401 3129 a,
1428 3066 1510 3127 11,

488 3150 578 3211 94.
620 3142 841 3196 Nullum
882 3140 1113 3205 ,dubium
1162 3154 1240 3196 est
1290 3143 1511 3195 verbum

483 3241 717 3275 exercere
746 3220 915 3275 Poetis
938 3220 1082 3275 idem
1108 3241 1221 3277 esse
1241 3240 1303 3275 ac
1323 3222 1512 3276 crebro

480 3320 738 3373 usurpare
793 3313 847 3354 et
910 3300 1242 3373 frequentare
1259 3340 1274 3368 ,
1326 3320 1387 3355 ac
1443 3300 1513 3355 de

480 3382 627 3433 omni
654 3399 753 3435 usu
776 3421 792 3445 ,
833 3380 1041 3434 actione
1070 3396 1124 3435 et
1158 3381 1364 3434 ratione
1390 3382 1511 3436 vitm

482 3460 747 3525 adhiberi,
767 3461 1268 3533 intelligendumque
1288 3480 1399 3514 esse
1408 3479 1512 3533 pro

486 3537 718 3610 adjuncti
769 3540 991 3593 ratione.
1042 3542 1231 3613 Itaque
1270 3540 1365 3595 etsi
1410 3540 1513 3593 fre·

482 3618 887 3689 quentissimum
920 3631 995 3671 est
1026 3640 1258 3672 exercere
1286 3635 1467 3673 terram
1489 3659 1505 3685 ,

486 3716 638 3757 ama,
674 3702 861 3763 solum,
902 3698 970 3752 de
1002 3700 1404 3769 agricolatione,
1448 3710 1508 3751 ut

488 3796 565 3829 vs.
594 3780 691 3839 461
713 3816 730 3842 ,
776 3776 939 3841 1023,
977 3797 1084 3831 nou
1116 3780 1293 3833 minus
1329 3792 1508 3833 tamen

488 3868 633 3909 recte
661 3868 711 3908 et
740 3856 929 3909 usitate
962 3856 1153 3910 dicitur
1178 3880 1409 3912 exercere
1426 3862 1511 3911 sil-

490 3956 603 3997 vas,
644 3935 711 3989 ‹le
744 3934 955 3987 assiduo
987 3936 1043 3988 in
1072 3936 1211 3990 silvis
1242 3938 1510 3997 discursu,

492 4016 697 4077 labore,
722 4026 937 4078 venatu,
964 4014 1307 4083 habitatione,
1326 4017 1516 4088 pastio·

502 4114 591 4156 ne,
620 4095 827 4165 alioque
846 4106 965 4147 actu
988 4094 1103 4145 vita·
1123 4112 1136 4145 ε
1158 4096 1430 4164 quomodo
1450 4096 1518 4147 de

1592 1475 1840 1548 Massylis
1892 1475 2082 1528 Noster
2123 1491 2282 1544 supra
2332 1490 2411 1525 vs.
2461 1473 2562 1535 284
2595 1487 2610 1522 :

1594 1578 1621 1600 «ι
1635 1573 1782 1607 nuuc
1804 1553 1963 1608 silvas
1985 1554 2125 1608 inter
2153 1553 2400 1606 oberrant
2419 1552 2616 1616 Coniu-

1593 1633 1745 1703 gibus
1764 1633 2008 1704 natisque
2024 1632 2242 1684 simul».
2269 1629 2488 1702 Proprie
2503 1629 2620 1701 qui·

1593 1712 1718 1766 dem
1741 1731 1827 1765 res
1851 1724 1904 1764 et
1922 1713 2154 1766 actiones
2169 1721 2502 1772 exercentur,
2519 1707 2615 1761 sed

1593 1793 1750 1846 Poeta
1771 1793 1930 1846 etiam
1949 1792 2126 1847 locum
2154 1803 2206 1845 et
2221 1803 2462 1863 tempus,
2499 1790 2616 1863 qui-

1593 1872 1694 1925 bus
1717 1890 1804 1926 res
1824 1885 2073 1944 aguntur,
2097 1872 2329 1925 exerceri
2342 1869 2614 1922 diciavid.

1594 1969 1714 2023 quoe
1748 1951 2050 2005 notavimus
2085 1950 2152 2004 ad
2184 1950 2344 2003 Prisc.
2377 1969 2455 2002 vs.
2498 1955 2612 2011 1²4·

1665 2033 1786 2084 861.
1814 2033 1906 2083 Hc'c
1922 2035 2062 2083 Asia.
2083 2029 2188 2082 Pro
2213 2033 2304 2081 Hic
2321 2027 2618 2084 Withoflus

1595 2111 1810 2163 tentavit
1831 2114 1984 2172 Hine,
2005 2121 2060 2162 et
2083 2109 2250 2162 fateor
2263 2149 2279 2174 ,
2309 2107 2450 2160 idem
2481 2106 2616 2159 mihi

1595 2187 1859 2242 incidisse.
1895 2187 1995 2242 Sed
2030 2191 2110 2240 laic
2135 2201 2189 2239 et
2219 2190 2306 2239 iste
2330 2186 2398 2239 de
2429 2182 2616 2238 eodem

1594 2267 1893 2340 frequentat
1909 2269 2142 2322 Avienus
2167 2271 2247 2337 (ut
2275 2283 2433 2338 supra
2452 2263 2620 2318 adno-

1596 2359 1760 2401 tatum
1783 2360 1858 2401 est
1876 2348 1944 2402 ad
1963 2368 2039 2403 vs.
2063 2352 2230 2417 830),
2261 2358 2314 2401 et
2344 2348 2618 2417 vulgatum

1595 2440 1772 2481 tuetur
1796 2428 2014 2501 Dionys.
2039 2447 2118 2481 vs.
2141 2431 2243 2491 664
2264 2446 2278 2480 ε
2311 2428 2336 2477 ὁ
2355 2422 2412 2478 δὲ
2433 2425 2620 2483 πλατὺς

1595 2510 1706 2560 ἔνθα.
1739 2507 1823 2561 καὶ
1863 2511 1988 2562 ἔνθα..
2025 2508 2184 2561 Scan.
2219 2537 2291 2548 —
2320 2509 2412 2558 Hic
2443 2510 2618 2556 Asiam

1595 2593 1839 2657 Europam
1876 2590 2185 2639 disterminat
2213 2585 2434 2657 Cuspiu.
2465 2603 2618 2638 men-

1595 2666 1740 2721 dose.
1765 2671 1892 2719 Asia
1910 2672 2155 2737 Europam
2185 2664 2326 2718 Pith.
2363 2676 2416 2716 et
2445 2662 2616 2716 Huds.

1595 2751 1687 2798 Hic
1707 2749 1882 2798 Asiam
1903 2750 2098 2813 Europa
2117 2744 2296 2799 scribit
2313 2744 2528 2797 Camers
2547 2741 2618 2794 ad

1595 2826 1753 2879 Prisc.
1775 2825 1906 2890 653,
1929 2838 1981 2878 et
1996 2824 2128 2878 Vad.

1670 2906 1794 2959 863.
1818 2911 2176 2973 Impacatomm
2185 2908 2476 2973 populorum
2492 2925 2513 2963 .-
2537 2903 2614 2956 sic

1595 2986 1780 3039 Persas
1818 2983 2050 3056 adpellat
2081 2984 2224 3037 infra
2257 3003 2332 3037 vs.
2360 2985 2512 3046 1248.
2547 3012 2619 3023 —

1597 3067 1763 3115 Nem-ic
1779 3067 1957 3133 pubem
1978 3068 2280 3131 populorum.
2317 3063 2404 3116 Sic
2429 3060 2618 3115 Claud.

1599 3143 1680 3194 v1
1695 3142 2006 3196 Cons.l·lon.
2023 3146 2089 3196 8ο
2111 3163 2124 3197 :
2155 3168 2178 3192 ιι
2198 3160 2298 3197 nec
2332 3153 2386 3195 te
2413 3152 2622 3194 mutare

1597 3240 1872 3275 reversum
1903 3222 2112 3275 Evaluit
2141 3222 2354 3294 propria
2395 3220 2623 3273 nutritor

1597 3301 1862 3373 Bosporus
1883 3320 2006 3356 arce
2028 3326 2075 3355 ι.
2108 3301 2260 3355 Idem
2291 3300 2345 3354 in
2382 3301 2540 3354 Prob.
2569 3310 2622 3351 et

1597 3382 1754 3455 olyb.
1774 3382 1907 3435 236:
1933 3382 2194 3453 «Respice
2210 3419 2226 3445 ,
2243 3381 2288 3433 si
2315 3380 2440 3433 tales
2455 3382 2624 3451 jactas

1600 3460 1788 3514 aluisse
1821 3460 2032 3515 fluentis
2051 3498 2067 3524 ,
2099 3462 2298 3513 Eurota
2332 3462 2588 3532 Spartane
2605 3496 2622 3519 ,

1600 3542 1706 3594 tuis
1721 3566 1762 3595 n.
1793 3541 1922 3594 Vid.
1945 3552 2082 3594 nost.
2107 3539 2233 3593 edit.
2258 3552 2411 3593 notas
2437 3538 2504 3591 ad
2525 3538 2624 3591 hos

1598 3640 1796 3675 versus.
1816 3620 2172 3675 En.—Conf.
2202 3638 2253 3674 v.
2282 3620 2403 3687 495.
2417 3618 2516 3673 W.

1669 3702 1788 3765 864.
1842 3700 1946 3752 Pro
1985 3715 2242 3767 utrumque
2275 3699 2343 3751 V.
2377 3702 2623 3765 utrinque.

1597 3779 1815 3852 Dionys.
1841 3782 1949 3831 ἔνθα
1962 3778 2046 3831 καὶ
2066 3780 2190 3830 ἔνθα.
2217 3778 2384 3831 Porro
2401 3778 2626 3829 dubium

1599 3872 1698 3926 est,
1725 3856 2086 3930 legendumne
2109 3861 2283 3925 amplis
2307 3876 2376 3910 ex
2401 3876 2473 3908 vs.
2499 3858 2628 3923 296,

1602 3956 1670 3991 an
1689 3944 1902 4007 «tenplum
1925 3936 2047 3989 coll.
2072 3956 2152 3989 vs.
2186 3936 2303 3989 155.
2333 3936 2418 3991 Sic
2441 3935 2628 3989 Schra-

1605 4016 1792 4081 ‹lerus,
1831 4016 1920 4070 scd
1951 4020 2123 4085 amplis
2154 4034 2334 4068 omnes
2371 4014 2628 4067 “liticines

1609 4110 1802 4150 tenent.
