2996 4685
769 457 1163 525 ARATEA
1214 440 1900 522 PHAENOMENA.
2261 448 2392 545 597

373 576 725 649 Cui-ricula
759 592 835 646 ut
875 577 1080 648 solers
1116 602 1273 646 vero
1312 600 1466 644 mox
1507 573 1724 643 indice
1759 572 1966 643 discat

375 692 576 758 Certa
617 688 1084 774 tenebrarum,
1111 686 1448 782 pos'sitque
1492 683 1780 754 fideliter
1813 699 1990 753 astro

373 797 722 893 Explicat-e
756 801 951 869 Notis
980 814 1048 868 et
1084 814 1230 869 tuto
1271 797 1544 867 carbasa
1580 794 1833 890 ponto?

379 906 636 994 Credo,
682 907 754 977 ni
800 908 969 979 desit
1010 932 1411 1003 magnorum
1450 930 1750 1000 congrua
1785 928 1946 973 cura
1969 959 1988 991 ‚
2307 928 2410 966 ὼ.»

377 1022 698 1117 Prompta
726 1019 827 1087 via
857 1034 955 1089 est
990 1021 1135 1115 ipso
1176 1042 1576 1115 cognoscere
1618 1014 1778 1085 talia
1816 1040 2076 1109 semper

380 1129 791 1222 Praeceptore
822 1130 1015 1216 Jove,
1042 1144 1111 1198 et
1144 1128 1304 1199 caelo
1344 1129 1465 1197 tibi
1513 1127 1702 1222 signa
1751 1126 2071 1222 magistro

382 1237 631 1305 Omnia
662 1236 1026 1325 ducentur3
1058 1253 1289 1308 monet
1320 1238 1451 1308 alta
1486 1239 1750 1332 Jupiter
1779 1238 1988 1306 aethra

384 1345 659 1440 Singula
692 1372 848 1437 nos;
876 1347 1087 1419 facilis
1116 1374 1343 1419 veram
1382 1348 1566 1418 dedit
1604 1348 1852 1417 arbiter
1883 1363 2090 1418 artem
2111 1402 2130 1434 ‚

386 1460 490 1531 Ne
523 1473 991 1555 tempestatum
1020 1461 1387 1556 primordia
1422 1484 1592 1530 caeca
1636 1458 1939 1528 laterent.
2314 1481 2411 1518 1³2⁵

366 1647 519 1702 1320.
562 1656 859 1718 Magnorum
903 1672 1119 1722 congrua
1165 1674 1302 1705 cura.
1391 1653 1494 1706 rit:
1524 1678 1546 1700 ι
1571 1663 1716 1705 certa
1739 1653 1844 1704 hoe
1864 1649 2126 1704 ducentur
2143 1651 2288 1722 signa
2307 1668 2417 1703 ma-

290 1729 387 1781 Est
406 1728 741 1783 hellenismus
756 1749 853 1801 pm
876 1756 900 1779 ιι
919 1751 1047 1786 cura
1068 1750 1305 1804 congrua
1394 1733 1556 1805 gistro
1575 1751 1629 1796 »ς
1665 1745 1716 1785 et
1743 1729 1874 1784 ibid.
1900 1734 2029 1800 169,
2055 1732 2263 1783 Lunam
2291 1728 2420 1782 dixit

292 1808 454 1861 rebus
474 1807 673 1879 magnis
691 1836 734 1863 a.
1395 1811 1715 1864 monitorem
1731 1829 1745 1864 :
1767 1836 1793 1857 .-
1805 1810 1958 1863 Hane
1971 1808 2238 1882 perpende
2251 1808 2420 1861 oculis

370 1888 524 1941 1322.
554 1892 625 1938 Et
643 1894 765 1942 eoelo
796 1891 886 1941 ciba·
904 1893 1045 1960 signa
1076 1894 1308 1959 magistr-o
1398 1890 1482 1943 illa
1510 1890 1772 1943 monitore
1807 1886 2014 1942 dierum
2047 1887 2204 1959 Signa
2231 1898 2352 1941 tene
2377 1914 2418 1940 υ.
2519 1884 2524 1891 ’

300 1969 482 2017 Omnia
500 1970 749 2019 ducentur.
763 1968 961 2023 Poterit
978 1988 1191 2042 quoque
1207 1969 1312 2040 legi
1398 1970 1498 2023 En.
1517 2001 1585 2011 —
1599 1970 1803 2040 Vulgo:
1833 1994 1858 2015 a
1877 1980 1931 2021 et
1975 1969 2105 2021 caelo
2146 1967 2240 2021 tibi
2269 1968 2418 2039 signa

298 2062 329 2094 e
349 2050 487 2098 eoelo.
504 2046 651 2100 Infra
675 2040 871 2119 Pro‘gn.
897 2066 971 2102 vs.
1000 2054 1101 2117 ²49
1126 2066 1311 2102 occur·
1400 2049 1634 2121 magistri
1656 2049 1852 2101 Omnia
1877 2048 2136 2102 ducentur
2154 2074 2193 2097 »-
