2996 4685
425 380 518 474 94
1226 376 1749 445 PRAEFATIO

423 509 623 590 muti,
653 504 1010 572 dolendum
1045 505 1321 570 maxime
1348 506 1629 589 videtur,
1654 506 1834 595 quod
1869 522 2097 573 auctor
2128 524 2261 573 tam
2292 510 2557 598 praeclu-

425 617 512 680 ris
569 613 808 703 ingenii
863 611 1304 709 doctrinoeque
1361 612 1625 678 dotibus
1688 614 2044 679 instructus
2107 616 2175 680 in
2244 616 2557 706 Dionysio

423 719 912 809 interpretando
969 720 1214 785 nullam
1265 720 1460 785 simul
1514 719 1979 808 locupletandae
2032 722 2442 811 geographia
2490 741 2557 789 et

423 826 828 916 temporibus
861 827 994 892 suis
1016 825 1577 891 accommodanda
1606 826 1923 891 rationem
1953 827 2271 892 habuerit.
2296 830 2555 897 Etenim

423 932 774 1022 Dionysius
823 952 960 996 non
1003 930 1224 1013 aliam,
1257 952 1378 996 nec
1423 932 1758 997 meliorem
1789 932 1967 996 orbis
2000 946 2185 997 terrae
2216 934 2513 999 notitiam
2534 984 2553 1013 ,

419 1060 616 1128 quam
663 1060 808 1127 qum
831 1052 1124 1103 veterum
1157 1054 1497 1126 poetarum
1540 1036 1915 1101 Graeeorum
1958 1052 2091 1119 est,
2119 1059 2253 1126 prae
2290 1060 2360 1102 se
2394 1040 2555 1121 fert,

419 1165 542 1213 nec
579 1166 616 1209 e
650 1144 890 1209 Graecis
930 1142 1194 1231 quidem
1233 1144 1368 1208 eliis
1405 1144 1833 1232 scriptoribus
1867 1144 2361 1232 locupletiorem
2398 1145 2553 1211 dere

417 1252 642 1317 voluit.
673 1252 960 1316 Avienus
1001 1265 1185 1315 tanto
1228 1250 1311 1314 ab
1349 1250 1473 1315 illis
1510 1249 1845 1315 intervallo
1880 1250 2189 1338 temporis
2223 1268 2513 1316 remotus
2531 1298 2551 1332 ,

289 1386 304 1421 e
417 1358 650 1423 rudem
705 1356 1000 1445 Dionysii
1057 1356 1517 1447 geographiam
1584 1371 1919 1445 tantopere
1982 1372 2282 1439 sectatur,
2333 1373 2410 1421 ut
2468 1378 2553 1423 ne

418 1464 734 1529 maximos
777 1462 1042 1550 quidem
1091 1456 1398 1526 deiectus
1435 1462 1575 1541 ejus
1626 1461 1859 1525 sarcire
1908 1461 2251 1527 studuerit.
2284 1464 2427 1528 Hoc
2474 1478 2553 1527 ut

417 1570 717 1657 exemplo
743 1568 1020 1633 maxime
1045 1568 1278 1633 illustri
1315 1566 1583 1632 doceam
1606 1615 1624 1651 ‚
1650 1588 1841 1655 verso
1870 1568 1998 1655 767
2026 1590 2205 1655 seqq.
2239 1591 2274 1631 a
2298 1568 2511 1633 Thule
2530 1616 2551 1649 ,

415 1674 644 1742 ultima
682 1672 950 1739 extremi
986 1672 1477 1762 septemtrionis
1516 1673 1759 1755 insula,
1791 1672 2151 1763 proximam
2186 1674 2255 1736 in
2288 1674 2554 1740 Oceano

416 1782 692 1847 insulam
733 1794 1052 1844 memorat
1082 1781 1397 1860 Auream,
1431 1801 1579 1866 quae
1614 1775 1880 1867 quidem
1924 1778 2006 1842 ad
2048 1778 2385 1843 Orientem
2418 1780 2553 1844 coi-

413 1890 687 1971 loentur,
729 1885 844 1952 sed
887 1905 1104 1951 revera
1147 1886 1214 1949 in
1261 1884 1575 1951 meridiali
1614 1884 1855 1950 Oceani
1893 1883 2101 1949 Indici
2135 1901 2318 1974 parte
2368 1908 2549 1973 quoe·

411 1989 612 2059 renda
651 2008 782 2075 est,
817 2009 1016 2081 atque
1057 1990 1222 2057 adeo
1271 1991 1354 2055 ab
1387 2007 1676 2056 extremo
1712 1991 2192 2079 septemtrione
2224 2009 2433 2079 usque
2464 1990 2549 2057 ad

411 2100 584 2165 hanc
641 2100 978 2191 regionem
1023 2099 1223 2180 nihil,
1259 2098 1384 2163 nisi
1429 2098 1807 2187 Scythicum
1842 2098 1941 2162 vel
1974 2098 2291 2161 Cronium
2335 2120 2545 2179 mare,

411 2224 628 2295 neque
665 2206 948 2293 aliquam
981 2204 1280 2269 tellurem
1311 2204 1414 2267 vel
1449 2204 1729 2267 insulam
1762 2202 1963 2265 novit.
1996 2204 2156 2265 Tam
2194 2202 2545 2269 immanem

411 2313 647 2378 saltum
667 2307 1173 2400 geographicum
1197 2308 1250 2372 si
1275 2308 1631 2396 Dionysius
1653 2306 1981 2372 commisit
1996 2355 2013 2389 ‚
2034 2306 2545 2374 condonandum

409 2416 480 2482 id
497 2419 666 2482 forte
683 2431 892 2504 poeto
909 2414 1167 2495 Graeco,
1187 2429 1412 2502 poetas
1435 2413 1699 2478 Graecos
1721 2413 1907 2500 sequi
1926 2429 1993 2478 et
2011 2414 2248 2478 imitari
2272 2415 2545 2503 cupien-

409 2524 493 2605 ti,
523 2520 762 2610 quibus
807 2539 930 2609 pro
966 2534 1288 2584 terrarum
1324 2539 1592 2582 suarum
1624 2519 1756 2582 situ
1788 2519 2001 2584 omnis
2042 2519 2177 2585 fere
2220 2519 2543 2586 Occidens

411 2641 476 2693 et
523 2624 913 2716 Septemtrio
952 2625 1216 2715 ignotus
1269 2639 1436 2704 erat3
1479 2624 1749 2688 minime
1800 2645 1957 2689 vero
2005 2626 2255 2715 ignosci
2292 2627 2542 2692 Avieno

411 2749 660 2824 potest,
691 2729 872 2821 quod
904 2731 1108 2794 homo
1138 2731 1510 2813 Romanus,
1532 2755 1568 2795 a
1606 2733 1809 2796 multa
1842 2731 2117 2796 lectione
2148 2733 2539 2821 scriptorum

405 2842 855 2909 Romanorum
883 2837 1264 2919 instructus,
1285 2855 1323 2900 a
1342 2836 1581 2924 quibus
1605 2837 1900 2925 plurimis
1924 2837 2297 2903 Occidentis
2315 2855 2539 2928 gentes

406 2959 474 3010 et
503 2937 800 3033 regiones
819 2991 837 3026 ,
871 2941 1054 3007 bellis
1077 2945 1525 3008 Romanorum
1558 2959 1809 3031 apertas
1826 2991 1845 3022 ,
1868 2965 2261 3034 cognoscere
2286 2959 2538 3033 poterat

407 3061 475 3114 et
495 3047 779 3115 debebat
795 3095 813 3130 ,
833 3066 1042 3135 quum
1069 3045 1208 3135 ipse
1235 3047 1481 3112 multos
1512 3047 1809 3137 Dionysii
1835 3048 2015 3113 locos
2040 3048 2307 3113 uberius
2337 3047 2539 3136 expli·

405 3171 610 3222 cesset
629 3203 648 3238 ‚
689 3153 866 3218 nulls
911 3169 1130 3217 tamen
1181 3167 1364 3241 parte
1404 3154 1686 3218 voluerit
1734 3154 2189 3244 geographiam
2243 3153 2537 3243 Dionysii

403 3259 812 3352 amplificare.
834 3260 1049 3343 Quam
1061 3257 1282 3340 jejune
1301 3274 1367 3323 et
1384 3258 1613 3323 inscite
1630 3257 1736 3323 ille
1766 3259 1849 3324 de
1874 3259 2171 3324 universa
2194 3259 2498 3349 Hispania
2516 3305 2535 3340 ,

407 3366 488 3433 de
535 3367 770 3448 Gallia,
795 3365 1122 3429 Britannia
1161 3378 1228 3428 et
1275 3362 1619 3428 Germania
1638 3412 1658 3446 ‚
1687 3364 1948 3428 servatis
1986 3364 2293 3428 omnibus
2326 3365 2532 3430 Graeci

403 3491 610 3565 poetoe
643 3473 1008 3556 erroribus,
1034 3473 1349 3561 loquitur,
1386 3495 1665 3561 quarum
1724 3489 1937 3538 tamen
1988 3473 2178 3538 facies
2224 3473 2285 3538 ei
2322 3473 2531 3536 multo

403 3581 641 3646 rectius
673 3596 742 3644 et
768 3581 1163 3645 luculentius
1195 3565 1274 3644 ex
1303 3578 1589 3644 historiis
1625 3581 1969 3662 Romanis,
1994 3601 2030 3644 e
2064 3581 2233 3643 fama
2257 3599 2531 3642 suorum

407 3702 801 3775 temporum,
817 3700 958 3749 tum
979 3705 1056 3748 ex
1072 3685 1226 3774 ipsis
1237 3683 1444 3767 bellis,
1461 3705 1607 3774 quoe
1620 3684 1819 3749 oetatis
1839 3705 1969 3750 suae
1986 3685 2415 3773 Imperatores
2430 3705 2533 3772 ge-

403 3791 653 3869 rebant,
676 3789 934 3880 cognita
963 3813 1102 3856 esse
1135 3790 1440 3856 debebat!
1464 3792 1684 3875 Quare
1710 3791 1825 3881 qui
1848 3791 2021 3856 nulla
2049 3813 2118 3854 re
2144 3787 2528 3876 amplificare

402 3913 518 3962 aut
543 3895 867 3984 corrigere
893 3909 1213 3960 terrarum
1230 3912 1297 3961 et
1311 3896 1706 3985 populorum
1737 3897 2029 3962 notitiam
2050 3894 2288 3976 voluit,
2309 3895 2526 3959 nescio
2612 3909 2619 3916 ·

401 4022 575 4083 sane,
587 4023 670 4064 an
693 4020 1001 4088 magnum
1017 4021 1210 4062 usum
1229 4001 1322 4064 rei
1341 4000 1907 4082 literarioe,recocta
1924 3999 2219 4089 Dionysii
2242 4001 2524 4079 crambe,

396 4105 792 4197 praestiterit,
821 4104 1226 4194 geographiae
1255 4107 1375 4194 ipsi
1409 4124 1583 4202 certe
1611 4109 1859 4172 nullum
1888 4107 2201 4194 praestitit.
2232 4108 2359 4172 Sed
2388 4108 2524 4170 hoec
