2996 4685
832 361 1225 432 ARATEA
1272 358 2030 432 PROGNOSTICA.
2349 359 2494 455 617

474 482 837 571 Tendatur,
878 507 1139 553 summo
1182 481 1524 553 nudentur
1556 483 1804 553 vertice
1847 506 2035 571 saxa3
2417 509 2500 551 ⁴·-

474 596 565 663 Et
602 618 734 688 qua
770 608 1015 688 pontus
1050 594 1211 663 item
1246 593 1415 663 freta
1453 617 1576 688 per
1608 592 1894 664 distenta
1929 592 2242 688 quiescit,

476 702 728 775 Nubila
760 704 815 772 si
851 702 1053 797 longo
1088 728 1157 773 se
1192 704 1700 799 procumbentia
1734 718 1956 775 tractu

479 812 895 883 Diffundunt
929 812 1089 883 caelo
1104 866 1125 901 ,
1157 812 1427 884 Thetidi
1459 814 1788 908 terrisque
1822 813 2081 909 supinis

480 927 618 992 Pax
653 921 869 993 aderit
889 975 910 1010 ,
945 947 1277 1019 nusquam
1310 924 1568 994 mundo
1605 938 1756 993 ruet
1794 923 2037 994 effluus
2075 924 2312 995 imber.

576 1032 708 1101 Sed
742 1056 951 1127 quum
990 1032 1377 1129 tranquillo·
1404 1033 1776 1104 tenduntur
1813 1058 2032 1105 crassa
2074 1058 2306 1105 serena
2431 1059 2510 1103 40⁵

481 1140 621 1210 Sub
655 1144 818 1211 Jove
838 1194 859 1230 ,
879 1156 1181 1212 venturae
1214 1168 1626 1238 praenoscere
1662 1144 1851 1239 signa
1889 1141 2194 1239 procellae

483 1251 853 1340 Convenit3
881 1266 947 1321 et
985 1277 1248 1323 rursum
1285 1278 1492 1349 quum
1531 1242 1816 1349 perfurit
1849 1255 2020 1324 aeris
2055 1256 2318 1341 horror,

482 1361 747 1455 Inspice
780 1386 983 1457 quam
1028 1362 1320 1433 referant
1362 1364 1554 1433 terris
1577 1362 1962 1459 „pelagoque
2004 1364 2316 1458 quietem.

484 1473 669 1541 Inter
704 1473 919 1567 prima
955 1487 1177 1543 tamen
1214 1498 1496 1569 parvum
1535 1477 1838 1569 Praesepe
1873 1488 2168 1564 notatur,

486 1580 756 1651 Arduus
782 1582 1039 1655 excelso
1076 1584 1261 1679 quod
1294 1588 1559 1657 Cancer
1591 1584 1864 1655 cardine
1889 1584 2118 1657 volvit.
2436 1610 2516 1654 ⁴10

495 1696 644 1761 Hoc
683 1718 892 1787 quum
933 1712 1285 1766 concretus
1322 1696 1588 1766 tenuari
1623 1698 1898 1791 coeperit
1933 1721 2070 1783 aer,

492 1803 793 1873 Discutit
827 1804 1151 1899 impositae
1186 1804 1316 1876 late
1344 1806 1469 1875 sibi
1506 1804 1703 1875 molis
1738 1806 2081 1875 amictum.

494 1917 803 2009 Namque
844 1916 1183 2013 sereniferi
1220 1930 1407 2013 patet
1438 1917 1569 1987 hoc
1606 1916 1678 1983 in
1715 1915 1921 1985 flabra
1960 1914 2315 2009 Aquilonis

493 2026 817 2095 Cominus
838 2080 859 2115 ,
888 2042 957 2096 et
996 2028 1216 2122 primo
1257 2041 1589 2123 purgatur
1629 2024 1900 2094 flamine
1923 2025 2106 2094 venti

494 2137 850 2229 Tempore,
880 2150 1025 2205 tum
1052 2137 1405 2233 proprium
1430 2134 1816 2205 modulatur
1841 2148 2088 2203 noctua
2119 2158 2389 2203 carmen
2405 2186 2425 2219 ,
2443 2158 2519 2203 ω

494 2248 668 2314 Tum
697 2246 1147 2339 vespertinum
1180 2247 1414 2317 cornix
1456 2243 1758 2341 longaeva
1795 2241 2102 2332 resultat3

494 2359 667 2425 Tum
701 2357 885 2426 corvi
915 2359 1275 2455 crepitant,
1300 2374 1369 2430 et
1394 2373 1672 2430 ovantes
1705 2371 1979 2453 gutture
2017 2379 2220 2428 rauco

500 2467 789 2562 Agmina
823 2468 1057 2539 crebra
1085 2485 1366 2559 vocant,
1394 2485 1541 2541 tum
1581 2483 1742 2540 nota
1781 2467 2027 2538 cubilia
2067 2465 2202 2537 laeti

500 2576 883 2648 Succedunt
917 2580 1190 2672 pariter,
1219 2595 1365 2648 tum
1398 2581 1639 2674 pennis
1665 2603 1954 2673 corpora
1989 2576 2340 2671 plaudunt.

595 2687 788 2756 Tunc
817 2702 887 2757 et
911 2688 1324 2782 Strymonias
1364 2687 1901 2757 circumvolitare
1943 2699 2217 2778 repente
2453 2711 2533 2754 ⁴20

505 2797 837 2891 suspicies
872 2823 993 2894 per
1022 2812 1252 2892 aperta
1289 2822 1526 2893 grues,
1551 2797 1668 2866 ubi
1703 2797 1934 2866 mitior
1967 2819 2184 2864 annus

410 3035 474 3070 ex
494 3013 857 3070 emendatione
883 3017 1055 3071 Grotii
1072 3055 1089 3083 ,
1133 3035 1295 3090 quam
1319 3034 1431 3069 esee
1510 3034 1654 3084 pore.
1729 3013 1872 3066 Male
1925 3011 2089 3083 vulgo
2149 3007 2480 3082 distinguitur
2519 3031 2532 3062 ς

410 3095 737 3148 verissimam
751 3093 943 3148 docent
957 3098 1432 3170 sequentuin-sum·
1521 3093 1803 3166 «Namque
1839 3090 2108 3147 sereniferi
2142 3100 2287 3162 patet
2329 3086 2434 3144 hoc
2481 3089 2534 3142 in

412 3193 502 3226 mo
521 3172 791 3227 nudentur
810 3175 1007 3230 vertice
1031 3196 1151 3231 saxa
1164 3204 1210 3232 n.
1224 3177 1428 3249 Vulgo:
1519 3174 1678 3227 flabra
1713 3171 1986 3246 Aquilonis
2002 3210 2016 3234 ,
2051 3171 2234 3236 Quum
2271 3168 2446 3222 minus
2485 3182 2536 3224 et

416 3277 440 3300 ι
460 3253 515 3307 Si
542 3253 767 3306 nimium
794 3254 864 3307 ad
890 3268 1123 3310 montem
1140 3295 1158 3321 ‚
1184 3267 1283 3310 etc.
1300 3281 1326 3302 a·
1518 3255 1694 3327 primo
1719 3264 1971 3324 purgatur
1990 3247 2203 3304 flamine
2228 3247 2369 3300 venti
2385 3249 2537 3303 Tem-

486 3331 604 3395 403.
624 3333 923 3401 Dgffimdum
946 3339 1066 3388 coelo
1080 3375 1094 3398 ‚
1118 3339 1311 3388 Thetidi
1336 3351 1430 3388 ter·-
1519 3354 1647 3408 pore
1663 3345 1710 3386 »a

416 3414 577 3478 risque
604 3414 783 3479 supina
808 3419 923 3466 Pax
953 3419 1132 3468 aderit.
1163 3415 1269 3468 Pax
1293 3413 1434 3487 supi·
1596 3411 1718 3479 415.
1735 3419 1854 3465 Tum
1871 3413 2127 3482 pmpn'um
2149 3411 2431 3460 modulatur
2453 3429 2540 3460 no-

416 3508 481 3542 na
495 3529 511 3555 ‚
533 3507 703 3561 grece
716 3491 903 3556 ὕπτιος,
926 3493 961 3546 i.
983 3513 1029 3548 e.
1044 3496 1219 3568 quieta
1240 3533 1255 3559 ,
1279 3495 1435 3566 ἄπρα-
1522 3509 1636 3546 ema
1661 3511 1874 3544 carmen.
1894 3489 2076 3560 Vulgo
2098 3503 2198 3540 tum
2216 3491 2439 3557 propior.
2474 3487 2538 3540 ln

416 3587 542 3628 κτος.
570 3569 750 3640 Vulgo
778 3587 829 3623 et
860 3576 1056 3626 Thetidi
1080 3579 1219 3647 (quse
1244 3575 1435 3646 copula
1523 3573 1674 3625 Msto
1715 3568 2017 3624 Germanici
2070 3569 2218 3621 Grot.
2243 3608 2261 3633 ‚
2320 3567 2373 3620 in
2432 3587 2542 3640 quo

416 3648 605 3720 utique
624 3647 849 3704 delenda
862 3655 963 3722 est)
982 3657 1214 3724 terrisque
1232 3659 1434 3722 supinis.
1525 3653 1678 3725 pauci
1714 3650 1913 3723 aliquot
1948 3647 2134 3702 Avieni
2159 3665 2337 3702 versus
2363 3647 2544 3719 legun·

418 3727 599 3780 Lectio
637 3733 822 3796 supinis
878 3743 1048 3801 potest
1098 3733 1346 3802 tolerari,
1383 3746 1439 3787 et
1525 3744 1611 3785 tur
1632 3731 1761 3785 hinc
1782 3741 1831 3783 et
1857 3726 1982 3783 inde
2006 3726 2387 3793 consarcinati,
2415 3727 2541 3799 legi·

422 3805 641 3861 forsitan
668 3808 940 3863 Grotianae
976 3812 1304 3883 proferenda
1341 3826 1439 3867 est.
1526 3823 1616 3865 tur
1642 3813 1860 3880 proprio.
1897 3805 2276 3880 Reponendum
2317 3817 2394 3858 est
2415 3827 2543 3877 pro-

5 3891 7 3968 J
422 3913 491 3921 --
510 3883 640 3937 Ideo
663 3887 795 3940 nihii
816 3901 982 3943 muto.
1014 3891 1122 3944 En.
1526 3897 1687 3960 prium
1702 3931 1716 3952 ,
1747 3903 1807 3943 ut
1833 3887 1900 3942 ad
1922 3906 2115 3940 carmen
2139 3884 2413 3938 referatur.

499 3965 635 4026 4¹3·
656 3973 685 4029 4
700 3969 775 4020 15.
816 3975 1041 4038 Namque
1073 3973 1324 4040 sereng'feri
1352 3994 1445 4040 pa·
1605 3978 1723 4041 417.
1751 3977 1871 4022 Tum
1885 3971 2016 4021 corvi
2034 3969 2295 4036 crepitant,
2331 3978 2383 4016 ee
2401 3984 2548 4016 ovan-

424 4056 493 4094 εει
520 4045 614 4094 hoe
637 4049 689 4096 in
702 4049 879 4116 flabra
902 4051 1157 4116 Aquilonis
1185 4053 1411 4104 Cominus
1425 4092 1439 4112 ‚
1537 4067 1604 4102 tes
1615 4065 1815 4119 gutture
1833 4067 2001 4100 rauco.
2016 4049 2098 4101 Itu
2118 4043 2300 4098 melius
2313 4042 2368 4095 in
2381 4044 2539 4098 Muto..

426 4137 473 4182 ‘t
485 4126 645 4190 pn'mo
672 4127 912 4193 purgatur
916 4129 1129 4198 flamine
1154 4133 1293 4180 venei
1309 4136 1446 4182 Tem·
1534 4129 1712 4206 Vulgo
1745 4131 1964 4180 ovantia.
1994 4159 2062 4168 --
2093 4125 2212 4179 Non
2253 4125 2388 4178 male
2419 4141 2548 4176 con-
