2996 4685
494 354 622 423 128

1238 358 1319 423 R.
1369 358 1441 423 F.
1498 350 1615 425 AV
1634 348 1852 425 IENI

575 472 990 579 Ausonidum
1033 474 1193 543 laeva
1229 490 1348 545 est.
1379 477 1557 545 Hinc
1579 455 1795 572 ‘longo
1832 476 2079 571 cespite
2116 478 2311 548 tellus

576 583 930 671 Funditur,
960 598 1024 653 et
1061 584 1241 653 varia
1273 585 1679 680 populorum
1721 588 1897 681 pube
1936 589 2296 658 domantur

577 700 752 765 Arva
787 693 931 763 soli.
957 695 1164 765 Trina
1195 695 1336 765 haec-
1371 697 1605 793 pelagi·
1617 699 2072 769 circumtonat
2105 700 2308 770 unda.

479 962 722 999 versuum
755 953 808 995 et
833 942 1106 996 nominum
1145 942 1487 1015 propriorum

477 1025 654 1077 literas
675 1022 997 1079 omittebant.
1019 1022 1192 1094 Atque
1217 1023 1291 1075 ita
1310 1041 1359 1076 v,
1385 1023 1489 1076 886

477 1106 534 1157 in
556 1104 798 1156 Ambros.
823 1104 1154 1154 Amat-icarum
1180 1120 1279 1172 pro
1304 1102 1491 1155 Cama-

474 1183 694 1237 ritarum
715 1222 731 1249 ,
757 1201 811 1235 v.
843 1182 944 1252 867
975 1188 1231 1234 Otecarum
1257 1199 1356 1252 pro
1380 1180 1491 1232 To·

473 1274 729 1329 retarum,
747 1280 798 1313 v.
832 1262 934 1330 908
962 1262 1120 1330 Apyn'
1151 1278 1249 1332 pro
1272 1259 1492 1333 Tapyri·

477 1341 633 1396 Cous.
695 1338 971 1393 Drakenb.
1035 1338 1105 1392 ad
1164 1340 1279 1392 Liv.
1326 1350 1364 1392 t.
1404 1338 1487 1405 11,

473 1442 526 1495 p.
567 1421 690 1489 396.
730 1420 989 1472 Ceterum
1017 1436 1126 1470 non
1152 1421 1481 1478 Dalmatiam,

471 1500 565 1555 sed
603 1500 893 1551 Delmatiam
932 1498 1154 1569 probant
1189 1498 1396 1550 nummi
1438 1509 1490 1550 et

469 1578 704 1650 inscript.
739 1578 984 1647 antiquae.
1003 1576 1127 1630 vid.
1163 1576 1408 1632 Pcllerin.
1437 1588 1490 1629 et

469 1660 639 1711 Inscr.
678 1668 786 1709 ant.
822 1656 1009 1719 Gorii,
1043 1657 1070 1708 1
1088 1694 1104 1721 ,
1132 1660 1235 1724 693
1262 1655 1362 1709 111.
1391 1674 1482 1728 77,

469 1740 555 1793 86.
575 1736 728 1789 Couf.
749 1734 914 1788 Holst.
933 1734 1005 1789 ad
1026 1734 1207 1807 Steph.
1228 1734 1287 1787 Β.
1309 1754 1366 1806 p.
1385 1751 1453 1801 9o
1467 1774 1484 1802 ,

466 1818 519 1871 b.
559 1829 612 1870 ct
645 1815 910 1871 Drakenb.
951 1813 1017 1867 ad
1062 1816 1178 1868 Liv.
1215 1814 1354 1887 Epit.
1391 1818 1480 1867 62.

467 1897 627 1951 sonu.
647 1896 770 1949 Abit
787 1896 854 1948 ab
875 1894 979 1949 hac
1000 1895 1257 1948 sententia
1273 1894 1330 1945 Ρ.
1347 1890 1486 1946 Fon·

465 1976 660 2030 teiuius
699 1974 783 2027 vir
822 1974 950 2028 clar.
997 1986 1047 2027 et
1091 1986 1242 2047 putat
1282 1964 1479 2047 ἠμαθίη

465 2054 602 2108 forte
648 2053 706 2107 in
754 2053 1028 2106 nonnullis
1085 2050 1240 2107 codd.
1291 2052 1480 2113 fuisse,

461 2151 597 2205 quos
623 2130 854 2185 Avienus
885 2131 1072 2203 legerit
1085 2171 1100 2195 ‚
1128 2143 1181 2184 et
1205 2132 1331 2203 quia
1357 2129 1482 2185 Dal-

465 2210 640 2264 matia
661 2208 860 2262 mentio
879 2222 996 2280 post
1017 2221 1335 2262 memoratas
1357 2209 1484 2281 Illy-

463 2288 563 2344 rici
584 2288 790 2341 dextras
807 2288 1047 2359 regiones
1067 2304 1178 2339 non
1199 2288 1487 2349 necessaria

469 2379 616 2434 erat,
647 2367 773 2420 hinc
801 2367 970 2419 videri
997 2366 1053 2418 in
1087 2366 1207 2419 loco
1243 2365 1486 2438 Dionysii

466 2467 566 2520 pro
586 2449 842 2520 Δαλματίη
865 2445 919 2502 δ’
943 2449 1195 2518 lotia-espen
1208 2445 1486 2517 legendum

467 2531 752 2602 Δαλματίης
769 2526 855 2578 vel
880 2516 1104 2598 ἠμαθίης
1126 2529 1399 2598 iettensem,
1419 2536 1482 2578 ut

463 2609 532 2661 sit
562 2603 850 2677 descriptio
879 2604 1106 2675 amplior
1135 2615 1288 2657 terroe
1313 2602 1483 2676 Illyri·

464 2705 572 2749 σω,
601 2703 720 2757 qum
745 2685 805 2738 fit
829 2702 985 2756 supra
1010 2683 1311 2736 Emathiam
1330 2722 1347 2747 ,
1371 2701 1480 2735 non

466 2783 641 2831 secus,
670 2781 732 2817 ac
758 2763 916 2816 verba
947 2763 1213 2836 sequeutia
1253 2766 1478 2818 ἔνυσιλὶων

461 2841 616 2901 πέδον
643 2839 830 2915 ἀνδρῶν
872 2841 941 2894 ad
976 2854 1173 2895 terram
1210 2840 1478 2914 Illyricam

459 2921 776 2996 pertineant.
813 2921 1024 2985 Fateor,
1053 2920 1340 2975 admodum
1369 2921 1480 2991 pla·

464 3021 586 3058 cere
599 3000 730 3054 mihi
741 3000 841 3052 viri
855 3000 980 3053 clar.
995 2999 1482 3053 sententiam.Certe

463 3081 594 3136 mihi
613 3083 840 3132 Emathia
856 3099 964 3132 non
983 3091 1182 3132 temere
1202 3097 1264 3132 ex
1276 3078 1481 3132 Avieno

463 3160 692 3215 tollenda
738 3158 965 3225 videtur,
1008 3155 1270 3229 siquidem
1317 3161 1371 3210 in
1419 3177 1482 3211 ea

459 3241 685 3295 lectione
723 3255 906 3292 omnes
942 3236 1169 3308 antiquas
1195 3235 1318 3289 edd.
1351 3253 1478 3288 cou-

463 3322 718 3386 sentiunt,
742 3336 916 3390 neque
957 3318 1128 3369 solum
1174 3315 1404 3368 Pithoeus
1447 3335 1476 3368 e

459 3401 632 3472 prima
653 3399 853 3451 Veneta
871 3435 887 3458 ‚
923 3396 1018 3450 sed
1056 3407 1108 3448 et
1151 3395 1370 3466 Cuspin.
1415 3412 1476 3448 ac

461 3478 762 3543 vadianus,
783 3476 876 3549 qui
896 3476 1012 3530 aliis
1030 3473 1191 3528 codd.
1222 3472 1305 3526 usi
1326 3485 1448 3526 sunt
1463 3513 1478 3536 ‚

461 3559 537 3613 sic
569 3557 912 3628 scripserunt.
947 3553 1049 3610 Sed
1076 3551 1475 3608 commoditates

461 3641 576 3712 ejus
615 3633 1059 3707 interpretationis
1085 3635 1196 3704 jam
1231 3631 1476 3704 pluribus

463 3714 728 3788 explicare
763 3733 874 3766 non
910 3723 1078 3765 vacat.
1099 3711 1200 3765 W.
1217 3741 1288 3751 --
1304 3715 1476 3762 AEma·

461 3799 706 3861 &iamque
744 3792 942 3844 habent
984 3807 1170 3842 omnes
1198 3801 1301 3841 vet.
1350 3788 1472 3842 edd.

461 3871 557 3930 sed
599 3873 814 3926 Camers
865 3869 932 3923 ad
982 3867 1143 3920 Prisc.
1189 3885 1288 3921 100
1306 3907 1322 3934 ,
1361 3869 1474 3922 vult

463 3954 861 4018 Dalmatiamque
871 3969 888 3998 .·
897 3963 1130 4019 quocum
1139 3948 1475 4000 consentiunt

461 4028 780 4084 recentiores
815 4027 1141 4098 interpretes.
1178 4029 1278 4078 Pro
1317 4031 1480 4079 sulcat

463 4106 767 4161 Fonteinius
800 4102 943 4175 apud
977 4104 1226 4156 Friesem.
1263 4105 1477 4175 conjicit

1576 948 1737 1013 surgit
1762 965 1780 995 .·
1821 944 1914 998 sed
1961 950 2125 997 sulcat
2166 945 2381 999 defendi
2432 952 2601 1019 potest

1576 1042 1733 1076 versu
1760 1025 1889 1091 488,
1908 1037 1990 1088 et,
2011 1043 2081 1078 ne
2114 1025 2231 1079 sine
2256 1044 2383 1080 casu
2410 1038 2602 1099 quarto

1578 1102 1805 1173 positum
1827 1101 2087 1167 videatur,
2106 1102 2196 1157 hic
2213 1104 2493 1159 commode
2516 1124 2601 1158 re-

1584 1180 1710 1234 ferri
1734 1193 1906 1253 potest
1925 1182 1997 1235 ad
2016 1182 2317 1254 praecedens
2338 1204 2490 1255 agros
2504 1223 2520 1245 ‚
2541 1197 2601 1237 ut

1583 1277 1768 1313 sensus
1804 1260 1906 1313 sitt
1942 1257 2011 1313 Et
2047 1280 2136 1315 eos
2176 1280 2329 1333 agros
2368 1260 2599 1334 Illyridis

1580 1356 1740 1409 super
1762 1338 2063 1392 Emathiam
2086 1341 2257 1393 sulcat
2281 1360 2447 1413 genus
2466 1340 2600 1394 viro-

1580 1436 1702 1471 rum
1726 1417 2055 1472 bellicosum.
2090 1420 2213 1484 Quo
2250 1432 2407 1489 pacto
2442 1421 2599 1493 plane

1580 1496 1824 1569 exprimit
1842 1497 2071 1550 Avienus
2090 1517 2299 1552 versum
2322 1499 2561 1573 Dionysii
2578 1540 2617 1565 ‚.

1578 1576 1657 1629 uti
1690 1594 1815 1629 eum
1856 1575 2137 1646 legendum
2178 1591 2356 1633 censet
2388 1578 2599 1632 Fontei-

1575 1656 1711 1707 nius.
1752 1686 1823 1695 —
1863 1652 1965 1708 Sed
2012 1654 2220 1710 fidelius
2260 1658 2556 1710 Priscianus
2578 1696 2595 1721 ,

1572 1752 1648 1787 vs.
1696 1752 1789 1787 101
1830 1751 1845 1786 ε
1898 1758 1923 1781 α
1952 1734 2227 1789 Dalmatia
2275 1738 2595 1809 populorum

1570 1812 1765 1866 Martia
1791 1813 1944 1867 tellus
1971 1839 1997 1858 n
2021 1854 2036 1878 ,
2086 1816 2180 1886 qui
2206 1834 2435 1885 graecum
2472 1816 2595 1868 Dio·

1570 1892 1711 1964 nysii
1731 1890 1801 1945 ad
1828 1893 2051 1947 verbum
2077 1893 2341 1963 exprimit.
2362 1894 2469 1946 En.

1644 1972 1760 2035 148.
1790 1970 1890 2024 Pro
1912 1972 2153 2040 finditur
2182 1972 2317 2025 forte
2348 1977 2591 2025 tendimns-.-

1568 2068 1697 2104 nam
1733 2050 1952 2121 Dionys.
1982 2070 2031 2102 v.
2064 2068 2166 2121 97:
2191 2056 2591 2125 παραπίπταται

1571 2132 1788 2192 ἄσπετος
1850 2131 2015 2202 ἰσθμὸς
2081 2133 2402 2194 neultra-swic-
2470 2131 2595 2185 Haec

1573 2208 1798 2261 Schrad.
1856 2208 1963 2260 Pro
2023 2212 2284 2261 domamur
2318 2209 2593 2265 vadianus

1573 2286 1721 2341 dedit
1759 2292 2004 2348 domatur,
2044 2286 2258 2341 trahens
2304 2288 2375 2341 ad
2420 2294 2586 2352 tellus,

1574 2365 1777 2438 adjecta
1794 2364 2129 2420 distinctione
2142 2371 2451 2444 :populorum
2463 2372 2593 2438 pube

1576 2450 1818 2498 domatur.
1850 2450 1988 2496 Arva
2025 2447 2122 2497 soli
2153 2449 2283 2498 οὺια
2316 2449 2449 2509 Ιιωσ,
2487 2460 2590 2502 etc.

1578 2525 1680 2580 Sed
1703 2525 1808 2578 hoc
1830 2523 1982 2576 male.

1644 2611 1765 2672 149.
1780 2607 2110 2656 Cir-cumeanus
2123 2609 2277 2658 unda.
2296 2599 2497 2673 Fateor,
2516 2607 2589 2662 sic

1568 2684 1799 2755 optimos
1811 2683 2093 2755 scriptores
2108 2685 2270 2755 loqui,
2284 2697 2443 2758 atque
2457 2686 2589 2740 adeo

1569 2763 1830 2814 Avienum
1844 2798 1861 2825 ,
1880 2781 1939 2814 v.
1961 2762 2091 2815 830:
2113 2787 2136 2809 ι
2152 2764 2349 2817 multus
2368 2765 2591 2818 circum-

1569 2851 1722 2896 sonat
1747 2840 1903 2892 istam
1929 2841 2173 2893 Oceanus
2192 2868 2231 2894 a.
2261 2841 2366 2896 Sed
2392 2845 2588 2898 rariora

1568 2921 1728 2973 verba
1754 2930 1907 2971 caute
1932 2919 2187 2972 mutanda
2212 2932 2352 2974 suut.
2385 2923 2591 2976 Deinde

1570 2999 1843 3068 vulgatam
1876 2997 2090 3050 firmant
2120 3011 2175 3052 et
2206 3001 2433 3072 probant
2456 3003 2587 3055 Stat.

1569 3077 1742 3129 Theb.
1762 3077 1904 3140 vn,
1939 3079 2029 3128 16:
2062 3095 2254 3130 «omne
2279 3079 2425 3151 quod
2450 3079 2589 3134 Isth·

1568 3156 1707 3208 mius
1732 3153 1895 3207 umbo
1921 3155 2177 3220 Distinet,
2208 3171 2262 3210 et
2288 3177 2459 3212 raucoe
2490 3160 2591 3212 cir·

1571 3245 1841 3288 cumtonat
1884 3233 1961 3286 ira
1999 3235 2219 3288 Malene-
2273 3240 2399 3310 (qui
2438 3239 2589 3292 locus

1565 3315 1727 3386 plane
1740 3313 1978 3386 geminus
1995 3325 2089 3381 est,
2105 3317 2226 3389 quia
2248 3317 2333 3370 hic
2354 3319 2588 3371 Isthmus

1564 3393 1919 3465 Peloponnesi
1934 3395 2255 3463 nominatur,
2267 3409 2323 3449 ut
2339 3417 2370 3450 a
2384 3397 2586 3470 Diony·

1567 3473 1648 3526 sio
1681 3472 1912 3525 Isthmus
1943 3473 2157 3544 Italia),
2181 3488 2233 3529 et
2259 3475 2419 3529 ovid.
2452 3477 2584 3530 Met.

1566 3555 1593 3606 I
1614 3593 1631 3619 ,
1674 3553 1773 3622 187
1805 3569 1821 3603 τ
1860 3571 2001 3624 «qua
2046 3565 2221 3607 totum
2254 3557 2456 3610 Nereus
2488 3557 2586 3610 cir·

1564 3642 1838 3685 cumtonszt
1876 3631 2060 3684 orbem
2080 3658 2136 3696 υ,
2166 3645 2227 3686 ut
2263 3635 2512 3689 Heinsius
2555 3655 2587 3690 e

1564 3723 1793 3783 quatuor
1827 3709 2041 3780 Msptis,
2067 3712 2159 3782 qui
2189 3715 2431 3783 probavit
2457 3715 2587 3770 locis

1566 3789 1750 3843 Avieni
1775 3788 2017 3841 nondum
2058 3791 2127 3842 ab·
2169 3791 2427 3846 Hndsono
2469 3813 2586 3848 cor-

1562 3870 1753 3941 ruptis.
1803 3867 1958 3920 conf.
2002 3866 2145 3921 idem
2180 3870 2250 3923 ad
2284 3873 2472 3928 Claud.
2517 3875 2586 3927 de

1563 3947 1724 4018 Nupt.
1740 3947 1880 3999 Hon.
1901 3956 1953 3997 et
1970 3947 2046 3999 Μ.
2074 3949 2169 4003 133
2194 3969 2208 4004 τ
2232 3977 2257 3996 u
2272 3953 2475 4006 concha
2494 3955 2585 4006 Li-

1562 4027 1759 4100 bycum
1774 4026 2123 4081 circumtonat
2130 4047 2313 4102 aequor
2324 4057 2346 4079 ι
2362 4049 2377 4094 ;
2399 4033 2581 4086 Barth.

1564 4105 1633 4160 ad
1660 4105 1855 4160 Briton.
1880 4103 2057 4160 Arem.
2079 4109 2163 4163 111
2180 4151 2197 4177 ,
2232 4118 2350 4183 474.
2382 4111 2545 4166 Scan.
