2996 4685
424 334 563 401 280

1183 330 1262 395 R.
1319 330 1388 393 F.
1445 328 1815 397 AVIENI

519 460 693 524 Sunt
728 450 1012 521 Tochari
1035 503 1054 535 ,
1093 449 1470 543 Phi-urique.
1508 464 1762 536 truceS,
1797 464 1863 517 et
1902 448 2235 544 inhospita
2270 454 2465 520 Seres

517 569 694 633 Arva
726 559 1067 645 habitant,
1103 557 1414 653 gregibus
1447 558 1759 653 permixti
1786 560 2146 655 oviumque
2170 562 2513 655 boumque

516 670 784 742 Vellera
822 695 944 765 per
979 667 1174 739 silvas
1213 672 1402 739 Seres
1438 667 1799 739 nemoralia
1834 686 2141 765 carpunt.

416 930 547 978 bovis
570 948 590 978 .·
625 944 748 977 nanu
784 930 928 995 νιῦρα.
969 922 1106 987 βόεια
1141 933 1262 973 sunt
1300 919 1443 991 apud

419 1006 596 1059 Noun.
612 1016 664 1057 et
689 1002 846 1055 Hom.
868 999 1019 1054 Iliad.
1034 999 1137 1062 IV,
1163 997 1442 1071 122,apud

419 1085 543 1138 Urs.
577 1083 645 1136 ad
674 1081 864 1153 virgil.
899 1079 1041 1146 xn,
1078 1078 1213 1144 856,
1251 1089 1302 1131 et
1334 1076 1444 1144 lx,

419 1168 540 1218 622.
559 1162 724 1217 Scan.
757 1192 828 1201 -
863 1157 1080 1232 Optime
1100 1156 1238 1210 hanc
1260 1174 1443 1209 emen-

417 1244 686 1298 dationem
713 1240 890 1293 flrmat
923 1250 978 1292 et
1001 1237 1231 1289 illustrat
1252 1235 1440 1289 Claud.

416 1322 574 1397 ldyll.
601 1323 677 1388 ΙΙ,
697 1321 766 1373 de
792 1306 960 1391 hystr.
985 1335 1062 1371 vs.
1087 1316 1156 1370 38
1183 1335 1197 1369 τ
1228 1342 1254 1361 «ι
1272 1316 1446 1368 inten-

419 1402 557 1457 dunt
576 1400 788 1454 taurino
813 1399 1013 1451 viscere
1037 1414 1228 1450 nervos
1253 1420 1305 1461 a,
1329 1396 1383 1449 h.
1399 1414 1444 1447 e.

419 1480 678 1535 intestinis
703 1478 924 1533 taurinis
957 1476 1014 1529 in
1045 1493 1236 1528 nervos
1264 1474 1445 1540 tortis,

420 1563 508 1616 vel
529 1562 655 1634 ipsis
677 1560 850 1613 nervis
874 1570 926 1611 et
947 1554 1254 1611 tendinibus
1271 1567 1448 1608 tauro-

421 1660 560 1695 rum.
589 1641 781 1694 Nescio
799 1677 816 1704 ,
858 1658 927 1691 an
965 1636 1083 1710 pari
1121 1652 1280 1690 sensu
1305 1633 1446 1689 acei-

421 1720 605 1794 piendi
630 1721 734 1773 sint
760 1723 893 1771 nervi
920 1720 1112 1786 equini,
1142 1732 1278 1788 quos
1303 1713 1447 1767 simi·

423 1802 544 1855 liter
587 1801 818 1854 arcubus
849 1798 1096 1851 tribuunt
1133 1796 1280 1866 Virg.
1318 1798 1440 1847 AEn.

423 1882 529 1949 lx,
555 1884 656 1934 62²
675 1892 758 1947 ,et
786 1877 949 1934 ovid.
969 1876 1119 1931 Pont.
1147 1877 1205 1942 Ι,
1246 1894 1309 1940 2,
1345 1892 1444 1928 21:

423 1978 550 2015 nam
582 1978 776 2014 nervus
797 1958 1026 2031 equinus
1056 1975 1087 2009 e
1116 1955 1240 2009 setis
1265 1954 1446 2009 caudae

417 2042 502 2095 vel
522 2042 668 2113 juba
685 2040 896 2112 equine
923 2048 1196 2092 contortus
1221 2034 1448 2101 videtur,

417 2122 554 2175 sicut
571 2118 860 2191 aliquando
877 2119 934 2169 in
954 2116 1258 2177 discrimine
1277 2116 1448 2167 obses·

415 2218 600 2253 sarum
618 2198 836 2252 urbium
853 2198 1026 2250 crines
1041 2206 1316 2248 tonsarum
1333 2212 1446 2247 mn·

417 2281 612 2333 lierum
638 2278 706 2331 ad
732 2279 889 2331 funes
907 2288 961 2329 et
984 2275 1199 2329 vincula
1220 2286 1449 2327 tormen·

419 2375 596 2413 torum
623 2356 901 2411 efficienda
925 2366 1208 2410 narrantur
1231 2354 1408 2407 collati
1429 2375 1444 2422 ;

421 2438 715 2509 vidNeget.
735 2435 804 2490 de
821 2439 883 2489 R.
899 2435 976 2490 M.
998 2436 1101 2498 lv.
1121 2451 1155 2507 9
1171 2453 1186 2499 3
1205 2434 1444 2489 Freinsh.

419 2517 488 2572 ad
513 2518 654 2570 Flor.
679 2516 754 2580 11,
780 2515 868 2581 1⁵,
895 2532 987 2578 ¹⁰³
1007 2515 1200 2569 Coelius
1217 2512 1442 2585 Rhodig.

423 2617 535 2650 var.
557 2597 680 2650 lect.
698 2594 1023 2659 lib.xv111,
1048 2611 1172 2667 cap.
1198 2611 1257 2646 ιι
1283 2605 1335 2646 et
1361 2613 1443 2647 η.

423 2676 686 2733 Wernsd.
745 2707 814 2717 —-
867 2679 936 2726 Ee
992 2679 1130 2743 rigor
1183 2677 1234 2724 in
1292 2677 1447 2725 nervis

421 2760 581 2810 veluti
635 2759 781 2809 bovis.
845 2757 1011 2808 Antea
1072 2759 1213 2808 velue
1260 2757 1444 2806 obn'us.

419 2837 653 2908 Corrigit
676 2833 816 2889 vad.
841 2839 910 2885 Ee
933 2837 1070 2902 rigor
1087 2853 1114 2884 e
1135 2837 1290 2886 nervis
1305 2836 1452 2885 volat

421 2920 601 2970 obvius.
635 2913 922 2967 Hudsonus
951 2911 1167 2985 conjicit
1202 2917 1344 2964 velue
1371 2933 1450 2964 os-

419 3016 547 3049 seus.
575 2993 682 3048 Sed
709 2993 929 3045 fortasse
957 3002 1074 3062 post
1092 2990 1448 3045 Schraderum
1485 3007 1492 3018 '

423 3075 654 3148 amplius
681 3070 1060 3144 corrigendum
1090 3084 1196 3124 est:
1227 3077 1292 3123 Ee
1316 3075 1451 3141 rigor

419 3161 472 3207 in
493 3159 650 3207 nervis
666 3155 834 3205 valida·
847 3154 994 3204 bove’s.
1024 3153 1158 3204 Nam
1190 3153 1317 3219 quid
1333 3155 1450 3203 bove

408 3238 649 3307 firmius?
665 3232 835 3305 inquit
852 3229 1007 3283 ovid.
1033 3230 1101 3283 de
1118 3231 1272 3284 Pont.
1301 3229 1328 3282 I
1344 3267 1358 3291 ‚
1384 3238 1415 3295 4
1431 3268 1449 3292 ,

426 3333 516 3376 113
553 3328 605 3368 et
631 3315 858 3373 validus,
869 3313 1026 3382 fhreis
1051 3311 1164 3364 sere
1197 3321 1451 3382 perpetua

421 3395 588 3447 boum
619 3393 704 3446 vel
739 3405 1012 3445 taurorum
1042 3389 1276 3462 epitheta
1311 3401 1452 3442 sunt.

425 3473 577 3544 virg.
605 3471 799 3542 Georg.
829 3473 911 3536 Π,
944 3471 1082 3540 2373
1135 3467 1297 3522 ovid.
1322 3468 1449 3523 Met.

427 3552 571 3616 vn,
617 3551 751 3614 5383
795 3551 903 3616 lx,
941 3553 1007 3614 46
1033 3568 1049 3614 ς
1092 3561 1147 3602 et
1189 3548 1341 3601 Pont.
1386 3549 1414 3600 Ι
1432 3587 1448 3612 ,

429 3629 594 3701 Epist.
624 3637 655 3694 4
673 3668 689 3692 ,
728 3649 810 3694 ia.

494 3711 620 3776 934.
653 3708 832 3761 Probo
861 3709 1074 3760 Tochari
1107 3711 1380 3776 Plu-urique
1421 3727 1450 3760 e

425 3789 647 3860 Dionys.
675 3787 810 3858 75²3
839 3787 978 3838 Ptin.
1005 3797 1136 3840 tom.
1170 3788 1224 3854 1,
1250 3807 1305 3859 p.
1330 3789 1452 3854 316,

430 3867 492 3922 15
513 3887 528 3931 3
559 3865 783 3919 Ptolem.
807 3883 862 3937 p.
893 3865 1013 3928 185,
1037 3877 1089 3918 et
1107 3867 1453 3937 probabiliter

425 3943 586 4002 eiiam
617 3947 747 4012 186,
783 3946 874 3997 ubi
907 3946 1116 4017 Τάχοροι
1137 3947 1248 4001 MS.
1283 3949 1448 4002 Prisc.

427 4047 546 4100 727.
571 4029 730 4082 Scan.
755 4059 824 4069 —·
859 4033 980 4080 Seme
1007 4031 1220 4080 Thocari
1241 4032 1452 4081 Platani·

424 4127 522 4176 que
550 4123 704 4160 truces
727 4110 806 4159 laic
838 4123 887 4158 et
916 4109 1164 4176 inhospita
1187 4112 1337 4160 Seres.
1367 4107 1452 4164 Sic

427 4187 588 4258 Cusp-
609 4186 711 4239 Sed
733 4187 950 4242 Camers
971 4188 1039 4242 ad
1062 4188 1225 4242 Prisc.
1243 4187 1345 4256 7²5
1363 4187 1453 4258 eji-

2480 694 2563 745 936

1532 920 1605 973 cit
1651 912 1765 981 hie‘,
1822 919 1970 993 quod
2032 918 2292 972 abundat.
2354 920 2565 969 Tochari

1533 1002 1815 1067 Phrum'que
1827 1000 1965 1054 vad.
1986 1005 2223 1071 Frem‘qeoe
2246 998 2384 1052 Pith.
2412 1000 2563 1049 th-

1532 1084 1672 1147 n'qeee
1695 1080 1861 1134 Huds.

1604 1159 1726 1225 935.
1768 1164 2003 1229 Gregibus
2034 1162 2275 1228 permixti
2309 1162 2565 1226 oviumque

1534 1245 1788 1307 boumque.
1828 1238 2151 1305 Priscianus,
2188 1238 2281 1311 qui
2310 1237 2415 1291 hoc
2444 1237 2565 1289 loco

1534 1318 1717 1371 scribit
1744 1337 1819 1371 vs.
1842 1320 1978 1390 7²8²
2005 1344 2031 1364 ··
2051 1316 2162 1370 Illis
2188 1317 2337 1371 nulla
2364 1316 2561 1379 boum,

1534 1399 1744 1469 pecoris
1780 1416 1878 1453 nee
1903 1416 2099 1471 pascua
2128 1416 2313 1451 eurae-
2332 1434 2349 1461 ,
2392 1394 2565 1448 multo

1534 1478 1727 1532 rectius
1778 1478 1932 1531 vertit
1980 1476 2295 1550 Dionysium
2350 1495 2404 1528 v.
2458 1476 2565 1545 753

1538 1558 1738 1611 Avieno
1752 1596 1769 1621 ,
1792 1558 1887 1629 qui
1905 1556 1989 1612 vel
2012 1574 2120 1610 non
2152 1555 2407 1609 intellexit
2432 1571 2560 1626 gre-

1538 1657 1625 1705 ca,
1648 1638 1731 1692 vel
1756 1636 1901 1692 aliud
1926 1638 2145 1691 verbum
2174 1636 2229 1689 in
2257 1633 2442 1689 codiee
2466 1652 2565 1687 suo

1536 1717 1753 1771 invenit.
1771 1716 1935 1770 Scan.
1953 1746 2025 1757 —-
2046 1716 2291 1769 Fortasse
2314 1734 2413 1787 pro
2434 1714 2567 1765 ἀναί-

1536 1818 1694 1852 νονται
1720 1801 2108 1866 adspernamur,
2150 1794 2304 1848 finxit
2328 1794 2426 1847 sibi
2450 1812 2567 1846 ver-

1509 1879 1671 1931 ·bum
1702 1878 1990 1939 ἐνναίονται,
2029 1878 2333 1935 habebimur,
2372 1884 2466 1927 aut
2498 1874 2571 1927 si-

1537 1958 1678 2012 mile.
1700 1958 1801 2012 W.

1608 2039 1729 2109 936.
1762 2042 1955 2090 Vellera
1967 2056 2065 2107 per
2076 2040 2224 2088 silvas
2248 2041 2384 2086 Seres
2404 2052 2569 2084 nemo-

1538 2123 1673 2171 ralia
1691 2132 1918 2186 carpunt.
1944 2116 2189 2170 Imitatur
2199 2114 2353 2185 Virg.
2370 2112 2567 2184 θοοῖς.

1538 2198 1625 2262 ΙΙ,
1660 2216 1751 2251 1²1
1774 2217 1788 2252 :
1824 2222 1848 2245 ι
1874 2197 2193 2268 Vellerqque
2220 2205 2280 2247 ut
2308 2194 2449 2247 soliis
2476 2192 2567 2247 de·

1536 2288 1751 2351 pectant
1767 2276 1943 2330 tenuia
1958 2274 2109 2330 Seres
2127 2298 2150 2321 ι·
2161 2314 2179 2341 ,
2194 2284 2255 2326 ut
2268 2273 2535 2327 Ausonius
2548 2316 2565 2339 ‚

1536 2357 1815 2431 Technop.
1844 2376 1966 2430 pag.
1997 2359 2099 2428 487
2124 2354 2265 2406 Tou.
2311 2379 2333 2401 ιι
2352 2353 2565 2408 Vellera

1537 2436 1768 2509 depectit
1792 2437 2081 2490 nemoralia
2112 2433 2380 2489 vestifluus
2406 2435 2505 2488 Ser
2520 2463 2565 2489 ι.

1537 2516 1693 2572 Conf.
1728 2517 1864 2572 Plin.
1893 2517 1987 2571 lib.
2019 2518 2045 2568 1
2065 2554 2081 2581 ‚
2145 2534 2266 2588 pag.
2288 2516 2392 2570 316
2442 2515 2565 2585 (lib.

1536 2595 1639 2662 vl,
1664 2615 1751 2669 17,
1774 2617 1818 2651 s.
1848 2599 1936 2665 πο)
1962 2615 1977 2649 τ
2000 2623 2025 2643 α
2040 2595 2191 2650 Seres
2222 2593 2458 2649 lanificio
2479 2596 2571 2650 sil-

1537 2697 1724 2731 varum
1746 2678 1947 2732 nobiles
1962 2678 2233 2750 perfusam
2253 2694 2395 2748 aqua
2413 2676 2568 2748 depe-

1537 2770 1735 2812 ctentes
1758 2755 2028 2810 frondium
2048 2755 2296 2809 canitiem
2313 2781 2355 2807 n.
2372 2755 2562 2809 Claud.

1538 2839 1703 2891 Cons.
1728 2837 1816 2890 Pr.
1844 2847 1897 2889 et
1931 2836 2022 2889 01.
2057 2853 2155 2905 ¹79
2183 2853 2199 2888 ε
2251 2861 2274 2881 ι
2296 2835 2565 2898 Stamine,

1538 2916 1686 2989 quod
1706 2914 1855 2969 molli
1874 2914 2098 2970 tondent
2118 2915 2186 2969 de
2208 2915 2387 2987 stipite
2398 2915 2569 2982 Seres,

1540 2997 1582 3049 F
1583 2995 1783 3050 rondea
1810 2996 2055 3070 lanigero
2074 3009 2350 3069 carpentes
2372 2997 2565 3049 vellera

1540 3075 1687 3128 silve
1710 3101 1754 3129 ι.
1776 3075 1915 3129 Add.
1932 3077 1959 3128 1
1985 3075 2041 3129 in
2063 3077 2213 3131 Eutr.
2239 3079 2357 3130 226.
2379 3075 2527 3130 Idem
2548 3119 2563 3142 ,

1536 3153 1665 3207 ibid.
1692 3175 1739 3210 v.
1766 3155 1901 3220 304:
1935 3157 2145 3221 uQuem
2166 3175 2299 3227 puer
2318 3153 2567 3210 adridens

1538 3235 1768 3307 pretioso
1810 3239 2033 3290 stamine
2066 3235 2255 3290 Serum
2299 3236 2496 3290 velavit
2519 3263 2563 3290 ι.

1538 3315 1811 3368 Orientius
1828 3316 2105 3370 Common.
2134 3335 2188 3388 p.
2219 3333 2320 3368 ποτ
2356 3341 2382 3361 α
2400 3315 2565 3369 Lenia

1538 3412 1639 3447 nee
1652 3393 1843 3447 desunt
1860 3393 2002 3448 nivei
2018 3393 2285 3448 velamina
2298 3394 2413 3461 lini,
2432 3395 2569 3450 Sunt

1538 3472 1699 3526 etiam
1737 3473 1864 3526 Eois
1903 3473 2065 3546 pallia
2107 3473 2427 3539 velleribus3
2470 3474 2566 3527 1112

1542 3552 1685 3605 ferax
1709 3554 1853 3624 jacto
1889 3551 2075 3606 reddet
2106 3553 2200 3606 tibi
2230 3555 2433 3607 semine
2470 3555 2567 3608 tel-

1540 3632 1623 3684 lus
1638 3671 1654 3698 ,
1690 3633 1815 3685 Haec
1856 3633 2008 3687 celsis
2058 3645 2279 3705 carpent
2316 3635 2467 3688 Seres
2508 3633 2567 3688 in

1540 3712 1823 3766 arboribus
1840 3739 1885 3766 ·.
1906 3713 2071 3766 Scan.
2095 3744 2167 3753 —
2190 3713 2365 3767 Serica
2393 3713 2567 3786 ipsum

1540 3809 1687 3844 nuno
1728 3805 1809 3846 est
1852 3809 2079 3864 regnum
2122 3793 2316 3865 Catajie
2336 3831 2353 3856 ,
2408 3793 2567 3865 vulgo

1541 3874 1693 3937 Kieay
1724 3872 1829 3940 (vel
1860 3875 2066 3944 Karai),
2096 3873 2285 3926 incolis
2320 3874 2567 3946 frequens

1542 3963 1592 4004 et
1614 3969 1865 4021 agrorum
1889 3951 2039 4006 cultu
2066 3951 2201 4018 laeta,
2228 3967 2281 4006 et
2310 3954 2458 4006 omni
2482 3953 2566 4006 di-

1543 4029 1786 4082 vitiarum
1814 4051 2003 4102 genere
2026 4031 2287 4087 adfluens.
2326 4033 2467 4086 Urbs
2490 4033 2569 4085 illi

1541 4110 1932 4179 opulentissima
1952 4117 2212 4175 Cambalu,
2232 4125 2393 4186 caput
2410 4113 2571 4166 totius

1544 4187 1751 4258 imperii
1782 4189 1957 4262 Magni
1978 4190 2151 4244 Chani
2167 4229 2183 4258 ,
2206 4192 2566 4264 frequentissi-
