2996 4685
469 370 604 441 312

1229 376 1312 440 R.
1367 376 1434 441 F.
1487 374 1839 444 AVIENI

557 493 786 559 Vitam
821 493 1111 587 agitant:
1141 493 1440 562 Libanus
1471 494 1789 565 frondosa
1822 498 2169 567 cacumina
2200 513 2454 595 turget,
2492 538 2598 577 109.

559 604 643 670 Et
684 615 906 669 tamen
945 602 1048 670 his
1084 600 1240 671 celsi
1285 619 1545 673 certant
1584 605 1844 701 fastigia
1882 606 2134 701 templi.

465 792 630 846 moria
671 792 864 864 lapsus.
904 790 1008 844 Sed
1027 795 1370 860 flammicomo
1410 791 1490 845 di-

465 874 624 944 gnius
659 884 736 926 est
772 871 1002 936 Avieno,
1045 871 1143 942 qui
1188 890 1344 925 versu
1386 873 1484 924 801

465 956 710 1023 ignicomo
736 956 838 1004 Soli
877 951 1028 1004 dixit.
1073 952 1178 1005 En.
1215 984 1288 993 —
1323 956 1495 1004 Devoci

460 1048 661 1102 pectora
705 1034 820 1085 Soli.
869 1030 959 1084 Sol
1003 1030 1144 1101 apud
1189 1031 1490 1085 Emisaenos

465 1112 664 1186 ingenti
711 1112 916 1165 honore
971 1112 1142 1165 cultus
1187 1116 1466 1180 Alagabalae‘
1474 1151 1491 1173 ‚

468 1193 578 1248 sive
630 1194 901 1261 Elagabali
910 1230 927 1251 ,
977 1210 1174 1244 nomen
1225 1191 1451 1244 habebat
1474 1209 1487 1243 ε

465 1294 568 1347 pro
618 1292 724 1345 quo
783 1271 957 1325 Graeci
1011 1290 1074 1324 ac
1131 1270 1383 1337 Romani,
1433 1284 1495 1323 ut

464 1373 568 1410 vox
619 1374 677 1408 ea
732 1350 1127 1426 quodammodo
1193 1350 1492 1403 barbariem

467 1446 708 1499 exueret,
724 1436 1074 1501 Heliogabalus
1093 1430 1273 1483 dicere
1293 1430 1492 1482 malue-

464 1526 621 1577 runt;
647 1513 812 1566 immo
839 1524 892 1564 et
913 1504 1288 1583 ὲλαιαγάὸαλος
1309 1528 1404 1579 pro
1427 1526 1491 1560 eo

465 1594 606 1667 apud
645 1591 1010 1645 Herodianum
1041 1589 1200 1661 legas.
1239 1588 1324 1642 Sic
1362 1588 1492 1641 Vos-

469 1674 578 1728 sius
603 1672 671 1725 de
693 1672 787 1724 Or.
812 1682 864 1723 et
889 1670 976 1721 Pr.
1003 1668 1086 1722 Id.
1118 1668 1212 1721 lib.
1240 1667 1325 1732 11,
1373 1686 1488 1738 cap.

469 1753 523 1820 5,
563 1772 615 1823 p.
658 1772 730 1804 m.
781 1750 899 1804 332.
941 1750 1010 1801 Et
1059 1748 1156 1801 soli
1201 1747 1492 1819 Elagabalo

464 1831 608 1906 apud
635 1832 936 1883 Emissenos
961 1828 1073 1881 duo
1103 1825 1372 1899 παρέδρους
1399 1826 1492 1879 ad-

459 1918 672 1985 junctos
694 1911 884 1973 fuisse,
911 1905 1099 1961 eodem
1123 1908 1244 1960 loco
1271 1906 1490 1961 Vossius

465 1992 670 2064 prodit,
703 1992 936 2061 Μόνιμνον
967 1987 1052 2039 καὶ
1071 1978 1230 2047 Ᾰζίζον
1253 1986 1492 2039 nomina-

465 2087 547 2127 tos
566 2111 582 2136 ,
612 2088 843 2144 quorum
875 2068 1024 2140 prior
1061 2068 1126 2119 sit
1151 2066 1454 2118 Mercurius
1472 2103 1488 2129 ,

465 2152 725 2225 posterior
784 2150 926 2200 Mars
956 2184 974 2209 ‚
1037 2144 1490 2218 quemadmodum

463 2229 790 2285 lamblichus
839 2228 1212 2297 interpretatus
1265 2236 1344 2277 est
1364 2264 1378 2288 ,
1431 2236 1492 2276 ut

463 2309 719 2365 traditum
759 2326 786 2360 a
825 2306 1041 2360 Juliano
1085 2306 1222 2376 Imp.
1251 2303 1492 2356 oratione

465 2391 571 2452 IV,
597 2407 718 2460 quae
745 2397 821 2439 est
849 2387 905 2437 in
926 2385 1117 2437 solem.
1142 2383 1247 2437 Sed
1267 2386 1370 2437 hoc
1397 2385 1490 2435 Ju-

464 2469 639 2522 lianus
665 2485 774 2518 non
797 2463 865 2518 de
889 2464 1175 2546 Emisser'cis
1189 2502 1204 2528 ,
1225 2463 1317 2517 sed
1331 2463 1492 2516 Edes-

465 2549 605 2603 senia
626 2547 788 2600 refert
801 2583 816 2607 ‚
845 2563 1019 2618 neque
1039 2546 1108 2596 ab
1120 2545 1204 2598 his
1217 2545 1492 2616 Elagabali

463 2645 660 2681 nomeu
677 2625 786 2681 soli
800 2624 987 2678 datum
1008 2633 1288 2690 memorat,
1305 2643 1488 2698 quam-

463 2726 627 2780 quam
651 2704 902 2758 Edessam
937 2704 1055 2777 ἱερὸν
1087 2704 1136 2766 ἐξ
1168 2705 1334 2764 αἰῶνος
1355 2705 1488 2761 ἡλίου

462 2787 654 2858 χωρίον,
675 2784 950 2857 regionem
974 2786 1044 2837 ab
1063 2795 1260 2837 eterno
1287 2784 1397 2838 soli
1415 2783 1492 2836 di-

460 2879 636 2922 catam
655 2904 672 2928 ‚
708 2877 880 2920 vocat.
912 2865 997 2917 An
1030 2865 1253 2918 fortasse
1285 2865 1359 2916 ibi
1389 2882 1488 2935 pro

459 2949 504 2999 ol
523 2948 607 3003 rin
627 2939 838 2998 ἠδίσσαν
860 2945 1092 3002 οἰκοῦντες
1111 2941 1396 3014 legendum
1416 2943 1488 2995 sit

459 3028 544 3083 τὴν
562 3017 790 3095 ὲμὶσσοιν,
814 3021 1030 3076 videant
1049 3022 1161 3076 alii.
1187 3021 1288 3076 W.

535 3124 688 3175 1090.
721 3105 933 3154 Libanus
947 3103 1204 3170 frondosa
1223 3103 1482 3152 eacumina

457 3199 629 3255 urget.
668 3181 959 3236 Hudsouus
1007 3190 1209 3233 tentat:
1250 3203 1274 3224 α
1291 3179 1481 3232 Libani

455 3263 710 3318 frondosa
734 3260 1013 3314 cacumina
1037 3271 1248 3330 turgent
1268 3283 1312 3319 ι,
1333 3257 1482 3330 quod

450 3355 631 3396 tamen
665 3339 909 3410 repudio.
937 3339 1025 3394 Sic
1060 3340 1200 3392 enim
1237 3339 1480 3410 perditur

453 3420 775 3474 Grecis'mus
791 3420 997 3473 Avieno
1012 3419 1478 3492 frequentissimus.

451 3498 619 3552 Son.
641 3529 714 3540 ——
730 3499 977 3570 Explicat
997 3499 1142 3552 hunc
1168 3498 1346 3552 locum
1367 3497 1480 3550 Rei-

451 3577 658 3642 nesius‚
695 3578 826 3629 Var.
853 3579 997 3630 Lect.
1022 3595 1080 3648 p.
1109 3579 1249 3631 680:
1281 3577 1480 3630 «Tem-

451 3659 600 3729 plum
619 3697 636 3720 ,
685 3659 895 3728 inquit,
941 3658 1111 3721 Solis,
1151 3677 1310 3730 quem
1357 3658 1478 3711 Ala-

450 3737 698 3809 gabalum
751 3735 1092 3808 adpellabant
1117 3777 1132 3802 ,
1187 3737 1242 3790 iu
1296 3735 1477 3790 media

449 3827 770 3869 exstructum
809 3815 944 3868 urbe
979 3827 1126 3880 erat,
1166 3827 1322 3870 tantm
1363 3833 1474 3870 ma-

442 3891 762 3966 gnificentie
781 3907 834 3948 et
854 3893 1111 3950 vastitatis
1128 3935 1145 3961 ‚
1177 3909 1238 3948 ut
1268 3897 1473 3966 fastigia

446 3975 560 4044 ejus
579 3969 754 4024 cedris
771 3972 960 4028 Libani
982 3991 1184 4030 certare
1205 3975 1474 4046 scripserit

443 4049 638 4104 Ruffus
673 4050 931 4114 Avienus,
971 4055 1300 4127 periegeseos
1339 4055 1471 4106 Dio·

443 4129 680 4202 nyniano
702 4127 955 4208 interpres
968 4159 1010 4184 n.
1029 4134 1188 4185 Juxta
1207 4133 1471 4186 Libanum

1575 795 1731 847 situm
1785 796 1883 849 fuit
1939 797 2075 849 Solis
2126 799 2382 869 templum
2400 841 2415 867 ,
2462 799 2600 855 sicut

1574 874 1685 944 ipsa
1729 874 1903 928 Emisa
1921 916 1936 941 ,
1970 895 2127 948 quam
2168 889 2447 948 propterea
2487 880 2597 933 Ste-

1572 953 1782 1025 phanus
1799 954 2013 1015 Φοινίκης
2034 954 2345 1015 Λιῧανουσίοις
2360 996 2375 1020 ,
2404 961 2597 1011 Pha-ni-

1575 1053 1655 1085 σοι
1672 1037 1947 1086 Libanuse'ae
1960 1036 2142 1089 urbem
2164 1034 2313 1089 dicit.
2336 1036 2597 1100 Fuerunt,

1574 1113 1669 1183 qui
1724 1114 1825 1166 sub
1873 1115 2038 1167 Tauri
2086 1115 2281 1168 montis
2330 1116 2598 1169 radicibus

1574 1192 1842 1264 Elagabali
1868 1196 2123 1265 templum
2149 1196 2310 1249 fuisse
2328 1196 2597 1260 dicerent,

1576 1271 1893 1343 eSpartiani
1924 1273 2043 1326 loco
2079 1276 2136 1325 in
2172 1276 2355 1329 Carae.
2382 1294 2500 1346 cap.
2532 1294 2591 1328 11

1576 1363 1706 1403 extr.
1749 1352 2181 1425 id.colligentes‚
2220 1374 2354 1426 quos
2403 1355 2598 1407 refutat

1574 1430 1799 1484 Salmas.
1840 1430 1909 1484 ad
1943 1434 2087 1505 Vop.
2131 1435 2311 1487 Aut-el.
2356 1452 2469 1504 cap.
2504 1434 2597 1493 25.

1574 1508 1799 1575 docens,
1838 1511 1911 1564 ihi
1936 1532 2043 1565 non
2073 1512 2142 1566 de
2179 1515 2374 1585 templo
2412 1514 2600 1585 Elaga-

1574 1588 1685 1641 bali
1704 1601 1906 1643 vetusto
1924 1608 2218 1645 sermonem
2241 1611 2381 1655 esse,
2415 1592 2503 1645 sed
2528 1592 2601 1644 de

1576 1686 1675 1731 eo,
1711 1669 1860 1740 quod
1897 1670 2273 1742 Heliogabalus
2311 1673 2449 1744 Imp.
2488 1672 2599 1725 Soli

1574 1748 1769 1801 fecerat
1798 1750 1853 1802 iu
1881 1770 1947 1804 eo
1969 1752 2088 1805 vico
2118 1755 2201 1805 vel
2230 1754 2351 1806 loco
2370 1751 2437 1805 ad
2458 1752 2598 1803 Tau-

1573 1846 1723 1892 rum,
1754 1846 1864 1901 quo
1893 1830 2020 1883 olim
2046 1832 2305 1885 Faustinae
2341 1832 2601 1900 templum

1575 1908 1789 1960 Marcus
1826 1910 2026 1964 Anton.
2064 1910 2400 1964 fundaverat.
2432 1910 2602 1963 Caete-

1574 2004 1695 2039 rum
1742 1988 1917 2041 media
1962 1990 2021 2041 in
2064 1992 2195 2043 urbe
2240 1990 2420 2042 Emisu
2462 1990 2601 2041 Solis

1574 2068 1833 2138 templum
1862 2068 2021 2121 fuisse
2039 2107 2056 2133 ,
2094 2088 2261 2141 quum
2290 2069 2481 2123 Avieni
2508 2068 2601 2122 hic

1574 2144 1723 2197 locus
1740 2187 1756 2211 ‚
1795 2159 1909 2199 tum
1936 2148 2151 2219 Vopisci
2182 2149 2239 2201 in
2266 2149 2445 2200 Aut-el.
2478 2165 2601 2219 cap.

1579 2224 1677 2291 25,
1716 2238 1770 2279 et
1804 2226 2121 2291 Herodiaui,
2160 2228 2256 2280 lib.
2278 2228 2348 2292 V,
2386 2244 2502 2298 cap.
2534 2228 2599 2292 3,

1576 2301 1748 2358 docet.
1776 2306 1873 2360 W.

1652 2403 1801 2452 1091.
1839 2388 1927 2438 Ht’s
1978 2392 2097 2439 celsi
2147 2401 2343 2439 certant
2374 2387 2601 2454 fastigia

1573 2468 1754 2532 templi.
1782 2465 1871 2518 Sic
1894 2466 2080 2520 Manil.
2093 2468 2168 2529 V,
2202 2468 2333 2521 510:
2380 2491 2404 2513 ι
2422 2467 2601 2518 Aurea

1574 2545 1813 2598 Phoebeis
1860 2547 2115 2600 certantia
2169 2547 2395 2599 culmina
2450 2543 2601 2596 flam·

1574 2623 1674 2676 mis
1694 2641 1750 2688 »ς
1778 2636 1831 2676 et
1860 2623 2051 2678 Claud.
2080 2625 2188 2679 Stil.
2218 2626 2333 2690 111,
2372 2622 2497 2690 134,
2530 2620 2601 2675 de

1574 2706 1737 2756 Roma
1784 2723 1798 2756 :
1850 2729 1873 2750 ‹-
1896 2706 2112 2758 AEmula
2158 2705 2344 2758 vicinis
2392 2704 2600 2774 fastigia

1574 2784 1803 2836 conserit
1849 2785 2003 2838 astris
2024 2809 2065 2837 a.
2110 2785 2189 2837 De
2234 2783 2429 2854 templo
2464 2783 2601 2836 Solia

1572 2863 1759 2915 Emiss.
1786 2862 2112 2917 Schrader-us
2138 2862 2287 2916 adire
2306 2863 2459 2932 jubet
2484 2861 2602 2914 Sal-

1574 2961 1706 2996 mas.
1734 2942 1803 2994 ad
1831 2942 1973 3014 Vop.
2012 2961 2063 3014 p.
2100 2944 2224 3012 367,
2262 2960 2313 2996 a.
2340 2943 2495 2993 Voss.
2526 2939 2599 2993 de

1574 3021 1709 3074 Idol.
1730 3022 1785 3073 11
1800 3059 1817 3085 ,
1856 3021 1887 3074 5
1903 3062 1918 3086 ‚
1940 3041 2064 3093 pag.
2098 3023 2198 3086 1²4
2216 3059 2233 3085 ,
2261 3023 2312 3073 h.
2336 3021 2508 3074 Noris.
2530 3019 2600 3072 de

1570 3101 1776 3173 Epoch.
1806 3101 2108 3176 Syro-Mac.
2148 3119 2201 3172 p.
2236 3103 2331 3170 963
2368 3107 2439 3150 La
2466 3103 2597 3151 Roo-

1571 3201 1695 3249 que,
1730 3187 1936 3248 Voyage
1954 3185 2019 3232 de
2038 3183 2202 3246 Syrie,
2229 3197 2281 3250 p.
2310 3181 2429 3247 189.
2458 3185 2598 3233 Ante

1568 3278 1755 3313 omues
1780 3279 1906 3312 vero
1932 3259 2286 3312 conferendus
2310 3258 2403 3310 hic
2430 3257 2598 3311 Hero-

1570 3337 1790 3405 dianus,
1812 3339 1908 3409 qui
1925 3339 2093 3404 lihN,
2118 3357 2238 3409 cap.
2264 3337 2297 3390 3
2314 3375 2331 3400 ,
2356 3337 2597 3410 magnifi-

1569 3417 1796 3472 centiam
1820 3429 1873 3473 et
1889 3417 2243 3471 celebritatem
2268 3420 2385 3489 ejus
2408 3417 2597 3489 templi

1568 3499 1837 3552 luculente
1866 3498 2136 3570 exposuit:
2164 3498 2319 3566 (Νεὼς
2348 3500 2479 3567 αὐτῷ
2500 3499 2593 3569 (τῷ

1566 3569 1964 3651 ὲλαιοιγαὸάλῳ)
1992 3579 2213 3650 μέγιστος
2240 3579 2593 3628 κατεσκεύαστο

1566 3658 1731 3720 αὐτοῦ,
1757 3663 1917 3729 χρυσῷ
1944 3663 2111 3727 πολλῷ
2138 3653 2225 3707 καὶ
2262 3655 2477 3727 ἀργυρίῳ
2512 3671 2592 3705 κι-

1566 3738 1853 3806 κοσμημὲνος
1868 3775 1883 3797 ,
1918 3735 2057 3787 λίθων
2080 3754 2135 3786 τι
2158 3735 2463 3804 πολυτελείᾳ.
2490 3731 2593 3785 Ad·

1563 3813 1643 3868 dit
1662 3855 1679 3881 ,
1716 3835 1825 3868 non
1876 3814 2152 3886 indigenas
2198 3815 2373 3868 solum
2418 3815 2589 3865 Deum

1562 3894 1715 3948 illum
1738 3895 1981 3948 venerari
1996 3933 2011 3954 ,
2028 3893 2125 3947 sed
2150 3893 2357 3946 vicinos
2378 3905 2593 3964 quoque

1561 3973 1807 4046 Satrapes
1832 3991 2089 4046 regesque
2108 3972 2389 4035 barbaros,
2422 3981 2590 4023 certa·

1560 4053 1656 4105 tim
1712 4053 1997 4125 quotannis
2060 4051 2337 4126 splendida
2390 4050 2587 4104 offen-re

1562 4149 1797 4186 munera.
1825 4133 1924 4187 W.
