2996 4685
579 421 704 494 DE
753 370 1153 492 scmrns
1205 419 1519 490 AVIENl
1570 419 1779 489 mm
1824 415 1935 488 Er
1985 422 2241 490 SPUR
2378 424 2473 518 49

351 577 536 666 mus,
585 556 844 622 difficile
884 555 966 622 ad
1000 557 1401 620 intellectum
1434 566 1561 634 est,
1604 551 1938 640 quomodo
1952 600 1973 634 ,
2006 553 2185 642 quod
2215 553 2473 620 Servius

354 627 674 751 uiroque
667 663 832 728 loco
876 663 968 727 ait
987 709 1006 745 ,
1063 662 1350 726 Avienus
1399 659 1683 748 potuerit
1728 659 1798 722 in
1834 659 2199 749 Virgilianis
2246 661 2477 725 fabulis

357 769 624 832 nomina
666 783 732 832 et
773 767 1066 833 adfectus
1114 763 1516 832 cometarum
1566 787 1953 846 memorare,
1990 781 2103 829 aut
2148 765 2429 831 fabulam
2456 817 2475 847 ‚

355 897 552 962 quam
575 873 880 964 Virgilius
918 873 1052 962 ipse
1091 895 1220 937 non
1258 869 1551 952 tradidit,
1591 871 1723 934 suis
1751 870 1981 934 iambis
2015 875 2337 958 exponere
2359 872 2419 958 (1
2430 893 2475 959 ).

445 1093 590 1159 VII.
634 1095 921 1184 Septimo
954 1095 1101 1158 loco
1143 1093 1375 1182 scripta
1416 1093 1729 1156 nonnulla
1764 1091 1963 1156 hodie
2002 1093 2310 1156 exstantia
2342 1115 2482 1157 mee·

359 1199 790 1282 morabimus,
827 1195 971 1287 quae
1008 1198 1094 1262 ob
1119 1197 1364 1263 ’similia
1401 1214 1741 1262 auctorum
1787 1197 2049 1261 nomina
2067 1245 2085 1278 ,
2130 1217 2485 1287 paremque

359 1321 608 1371 aetatem
631 1354 650 1388 ,
681 1321 795 1370 aut
817 1306 904 1369 ob
931 1306 1137 1370 simile
1170 1306 1541 1370 institutum
1574 1303 2041 1395 ingeniumque
2066 1305 2345 1369 auctoris
2361 1354 2379 1388 ,
2402 1303 2487 1370 ad

360 1412 682 1476 Avienum
708 1429 1004 1502 nostrum
1033 1410 1312 1476 subinde
1339 1411 1533 1475 relata
1555 1425 1729 1498 sunt.
1760 1407 1829 1472 1⁰
1850 1410 2136 1474 Crinitus
2161 1411 2485 1476 Avienum

361 1519 708 1608 quemdam
727 1567 746 1602 ,
794 1536 1052 1609 poetam
1090 1519 1386 1583 Graecum
1409 1567 1428 1601 ,
1468 1519 1793 1600 nominat,
1820 1517 2005 1597 cujus
2032 1518 2489 1607 epigrammata

360 1624 674 1714 legantur.
705 1624 875 1690 Eum
908 1639 1126 1689 autem
1157 1621 1417 1688 videtur
1439 1622 1793 1712 intelligere
1809 1669 1827 1703 ‚
1866 1622 1979 1710 qui
2009 1621 2073 1684 in
2105 1622 2492 1712 Anthologia

361 1731 578 1796 Graeca
607 1733 848 1801 Ᾰεὸιάνος
886 1729 1156 1810 dicitur,
1197 1729 1487 1817 quinque
1522 1728 1775 1791 circiter
1804 1729 2333 1816 epigrammatum
2372 1751 2489 1792 au—

363 1851 538 1912 ctor,
574 1857 716 1922 quae
758 1833 972 1922 primo
1005 1850 1071 1898 et
1102 1833 1392 1898 seeundo
1423 1833 1591 1897 libro
1619 1847 1890 1897 exstant.
1934 1833 2300 1897 Abbianum
2344 1836 2492 1922 qui-¹·

365 1938 514 2004 dem
553 1958 756 2028 groece
792 1936 1040 2002 dictum
1073 1959 1210 2002 esse
1242 1960 1363 2025 pro
1389 1938 1640 2000 Aviano
1672 1938 1773 2001 vel
1806 1938 2101 2018 -Avien0,
2149 1961 2343 2003 nemo
2375 1939 2493 2003 ab·

365 2045 612 2125 nuel-it,
654 2043 769 2131 qui
813 2057 878 2106 et
920 2042 1274 2124 Abienum,
1317 2041 1684 2106 Abeienum
1707 2090 1725 2123 ‚
1768 2041 2093 2107 Abianum
2128 2045 2497 2108 meminerit

364 2151 432 2244 in
474 2149 716 2214 Latinis
759 2147 1294 2239 inscriptionibus
1333 2162 1639 2235 corrupte
1673 2148 1991 2234 positum3
2033 2170 2247 2236 neque
2274 2149 2497 2214 Graeca

365 2255 822 2345 epigrammata
861 2253 1027 2316 male
1057 2252 1461 2316 conveniunt
1489 2251 1739 2315 Avieno
1768 2266 1995 2316 nostro
2011 2301 2029 2334 ‚
2072 2275 2269 2340 quem
2306 2257 2498 2319 novi·

365 2384 511 2427 mus
539 2384 742 2451 graece
763 2357 1213 2424 doctissimum
1241 2357 1439 2422 fuisse
1458 2407 1476 2440 ‚
1500 2371 1577 2421 ut
1601 2356 2065 2423 Proconsulem
2094 2359 2355 2426 Graeciae
2381 2360 2496 2426 diu

368 2468 540 2533 inter
574 2466 832 2530 Graecos
865 2480 1228 2545 versatum,
1263 2479 1330 2528 et
1359 2465 1427 2527 in
1479 2464 1877 2556 carminibus
1919 2465 2051 2529 suis
2094 2464 2396 2531 dictionis
2434 2484 2501 2531 et

365 2571 868 2638 constructionis
890 2571 1126 2636 Graeoee
1146 2591 1560 2658 summopere
1578 2567 1945 2633 studiosum
1971 2592 2130 2652 esse3
2145 2570 2259 2637 sed
2280 2588 2497 2637 tamen

368 2680 491 2744 alia
542 2677 780 2743 desunt
832 2692 1244 2767 argumenta,
1297 2676 1536 2764 quibus
1586 2674 1908 2741 Avienum
1964 2677 2501 2765 epigrammatum

368 2784 742 2849 Graecorum
774 2798 1104 2847 auctorem
1130 2782 1366 2847 certius
1390 2801 1877 2869 cognoscamus.
1906 2779 1979 2843 2⁰
1999 2783 2288 2848 Fuerunt
2308 2785 2500 2848 etiam

370 2890 484 2978 qui
531 2888 925 2953 Breviarium
981 2888 1062 2952 de
1119 2888 1401 2951 victoriis
1454 2908 1533 2950 ac
1574 2888 1914 2975 provinciis
1951 2888 2186 2977 populi
2226 2890 2511 2955 Romani

372 2996 467 3058 ad
493 2994 1018 3059 Valentinianum
1050 2994 1220 3082 Aug.
1255 3014 1444 3081 prosa
1485 2992 1831 3080 scriptum,
1884 3009 1947 3056 et
1985 2992 2118 3073 jam
2160 2995 2284 3059 suh
2325 2996 2502 3060 Sexti

371 3100 558 3181 Rufi,
597 3100 729 3180 jam
773 3099 898 3165 sub
932 3098 1083 3163 Rufi
1127 3100 1300 3165 Festi
1341 3098 1609 3162 nomine
1654 3100 1985 3186 vulgatum
2004 3146 2022 3179 ,
2070 3098 2152 3164 ad
2176 3102 2502 3166 Avienum

375 3218 676 3268 nostrum
710 3204 1034 3291 pertinere
1071 3204 1375 3292 suspicati
1403 3204 1555 3266 sint.
1584 3202 1915 3267 Fabricius
1940 3226 2092 3267 cum
2122 3206 2263 3269 Nic.
2292 3208 2503 3271 Anto-

445 3450 527 3520 (1)
561 3448 820 3515 Quamvis
839 3447 1034 3501 mirum
1052 3449 1320 3503 nonnullis
1346 3447 1518 3503 videri
1542 3450 1709 3523 pouit
1728 3450 2006 3502 consilium
2024 3449 2160 3504 illud
2177 3450 2385 3517 Avieni,
2397 3470 2505 3524 quo

374 3539 642 3611 integrum
659 3535 872 3609 Virgilii
899 3554 1088 3609 poema
1114 3537 1219 3590 alio
1239 3553 1486 3592 versuum
1512 3554 1701 3610 genere
1719 3575 1736 3602 ,
1776 3536 2027 3590 nimirum
2053 3537 2302 3603 iambico,
2328 3542 2503 3615 expri-

375 3646 520 3681 mere
538 3625 769 3693 studuit,
789 3625 965 3679 notari
999 3636 1177 3679 tamen
1205 3638 1463 3693 meretur,
1493 3624 1742 3680 eumdem
1764 3643 1967 3678 morem
1988 3644 2023 3680 a
2044 3625 2247 3681 Grecis
2270 3627 2523 3685 homini--

374 3717 494 3783 bus,
511 3716 568 3768 in
587 3716 894 3787 Grecisque
907 3714 1100 3787 poetis,
1121 3714 1348 3769 subinde
1377 3726 1688 3786 usurpatum
1715 3732 1845 3768 esse.
1864 3718 2149 3795 Har-inuram
2175 3716 2463 3789 quemdam
2482 3758 2499 3785 ,

378 3804 598 3858 Patricii
619 3804 826 3861 honore
847 3805 948 3859 sub
979 3804 1254 3858 Anastasio
1269 3804 1405 3876 Imp.
1427 3806 1669 3857 functum
1682 3844 1698 3870 ,
1731 3802 1919 3859 Suidas
1944 3818 2207 3859 memorat
2225 3846 2240 3872 ,
2272 3806 2506 3878 plurium

378 3894 684 3949 Graecorum
710 3906 1018 3967 poetarum,
1051 3904 1112 3947 ut
1139 3892 1438 3955 Theocriti,
1477 3892 1783 3966 ΕΡοΙῙοιιὶἰ,
1814 3892 2152 3960 Callimachi,
2190 3896 2336 3949 Arati
2352 3934 2373 3969 ι
2413 3900 2465 3951 N
2466 3900 2509 3950 i·

383 3981 570 4036 candi-i
605 3980 964 4054 metaphrasin
1002 3980 1191 4035 iambis
1225 3979 1507 4053 scripsisse.
1535 3979 1659 4046 Quo
1698 3998 1821 4035 sane
1850 3982 2281 4037 exercitationum
2316 4003 2509 4056 genere

381 4070 540 4122 talem
568 4087 624 4123 se
651 4068 919 4123 Marianus
945 4071 1254 4159 scriptorem
1283 4070 1421 4123 inter
1442 4069 1685 4138 Grecos,
1718 4070 1931 4143 qualem
1951 4072 2184 4126 Avienus
2212 4071 2349 4125 inter
2372 4074 2521 4125 Lati«

385 4176 513 4223 nos,
540 4156 783 4228 prebuit.

588 4248 670 4315 V.
1274 4198 1282 4205 ³
2174 4250 2221 4331 4
