2996 4685
567 393 707 464 506
1284 391 1824 461 ExcURsUs
1877 393 1953 460 ΙΙ

560 517 831 577 trionum
856 513 1034 574 hunc
1060 511 1273 598 ipsum
1298 527 1591 575 montem
1621 512 1952 602 intelligit,
1986 512 2168 592 eujus
2201 513 2516 600 oppositu
2539 516 2718 580 solis

562 613 723 678 radii
766 613 1188 695 auferuntur,
1239 629 1305 676 et
1354 635 1483 678 nox
1525 613 1890 695 inducitur,
1942 635 2272 702 quemque
2316 636 2510 678 versu
2561 615 2714 701 657

563 715 801 777 Metam
822 713 1134 777 nominat.
1159 716 1345 781 Ratio
1368 731 1435 779 et
1456 714 1954 781 fundamentum
1977 733 2106 781 tam
2127 717 2362 805 ineptae
2377 715 2464 781 de
2483 741 2708 782 cursu

559 813 709 876 solis
742 814 1223 879 existimationis
1257 817 1414 898 fuit,
1448 816 1630 904 quod
1661 818 1887 882 orbem
1921 833 2104 882 terrae
2141 841 2276 882 non
2303 817 2656 906 globosum
2677 869 2702 900 ,

559 932 636 978 ut
691 917 985 982 meliores
1044 918 1448 1007 philosophi,
1501 917 1616 983 sed
1649 919 1938 1007 ,planum
1957 968 1974 994 ,
2027 918 2188 984 disci
2238 920 2339 983 vel
2392 921 2700 1007 tympani

560 1017 789 1100 instar,
828 1019 951 1083 sibi
1002 1019 1350 1110 fingerent,
1385 1043 1583 1108 quem
1619 1020 1866 1084 circum
1903 1035 1968 1084 et
2005 1043 2202 1108 supra
2237 1020 2510 1083 ferretur
2549 1023 2698 1102 sol,

560 1133 625 1181 et
647 1141 909 1184 omnem
938 1122 1131 1185 simul
1156 1123 1487 1210 planitiem
1513 1138 1700 1186 terrae
1717 1121 1909 1185 radiis
1933 1122 2421 1211 perstringeret,
2447 1144 2706 1208 quous-

557 1243 687 1307 que
737 1245 972 1311 nempe
1030 1240 1283 1288 montes
1336 1223 1427 1288 illi
1476 1221 1559 1286 ad
1605 1225 1855 1312 plagam
1907 1223 2492 1310 septemtrionalem
2544 1245 2692 1286 non

557 1323 908 1388 obstarent.
960 1325 1359 1389 Vetustiores
1403 1322 1670 1412 quidem
1720 1323 2022 1388 homines
2039 1371 2057 1405 ,
2107 1321 2338 1387 doctos
2385 1345 2572 1410 aeque
2621 1339 2698 1386 et

556 1423 896 1512 Physicos,
922 1428 1177 1514 planam
1196 1449 1335 1492 esse
1352 1425 1626 1515 figuram
1652 1440 1835 1489 terrae
1855 1425 2245 1490 existimasse
2261 1473 2279 1506 ‚
2307 1441 2502 1512 atque
2521 1424 2692 1488 alios

510 1537 521 1554 ’
557 1525 613 1587 ei
648 1527 923 1590 formam
959 1527 1466 1616 quadrangulam
1497 1527 1651 1591 cubi
1683 1527 1785 1592 vel
1815 1549 2081 1608 mensae,
2110 1527 2266 1588 alios
2295 1526 2688 1614 oblongam,

554 1625 711 1688 alios
749 1628 1285 1692 semicircularem
1305 1629 1644 1710 tribuisse,
1671 1643 1991 1692 testantur
2011 1625 2388 1692 Cleomedes
2407 1675 2424 1708 ,
2457 1643 2692 1697 κυκλικῆς
2757 1669 2782 1684 .

552 1739 691 1806 οωρ.
716 1756 921 1808 percep.
954 1727 1063 1792 lib.
1100 1731 1161 1811 I,
1199 1751 1336 1818 cap.
1379 1727 1454 1812 8,
1503 1752 1566 1816 p.
1604 1729 1729 1816 377
1768 1728 1922 1794 edit.
1957 1729 2143 1794 Basil.
2191 1727 2381 1809 1561,
2417 1743 2482 1793 et
2511 1731 2692 1818 Aga·

556 1827 918 1912 themerus,
945 1859 1190 1911 γιωγραφ.
1219 1843 1265 1893 ἐν
1297 1842 1426 1892 incr.
1464 1853 1601 1918 cap.
1639 1831 1704 1913 1,
1739 1847 1899 1894 tom.
1922 1830 1986 1893 II
2023 1831 2260 1918 Geogr.
2287 1829 2443 1892 min.
2473 1827 2688 1892 Huds,

554 1953 767 2018 neque
796 1929 1075 1996 dubium
1109 1949 1237 2016 est,
1280 1933 1393 2019 qui
1434 1932 1527 1996 sic
1559 1931 1643 1996 de
1681 1931 1890 1995 forma
1922 1946 2109 1994 terrae
2145 1944 2536 2008 statuerent,
2571 1951 2688 1992 eos

553 2032 747 2096 simul
779 2033 1121 2098 circuitum
1146 2033 1295 2098 solis
1322 2035 1391 2097 in
1423 2034 1620 2122 plano
1649 2036 1892 2097 factum
1925 2032 2290 2121 adoptasse,
2320 2031 2430 2120 qui
2458 2029 2692 2094 discri-

549 2135 725 2197 mina
752 2133 1004 2200 dierum
1034 2153 1099 2200 et
1122 2137 1415 2200 noctium
1448 2159 1582 2199 non
1613 2135 1796 2198 aliter
1822 2134 2095 2215 faceret,
2119 2155 2314 2221 quam
2339 2131 2688 2210 interjecto

549 2235 766 2321 aliquo
790 2236 951 2324 jugo
974 2238 1213 2300 montis
1230 2286 1248 2320 ,
1276 2239 1378 2301 vel
1404 2237 1701 2325 opposita
1726 2234 2068 2301 altitudine
2089 2237 2156 2299 in
2187 2251 2366 2324 parte
2393 2235 2690 2323 Septem-

548 2334 824 2399 trionali.
855 2335 959 2400 Sic
986 2337 1161 2400 enim
1194 2337 1343 2403 satis
1371 2339 1539 2404 clare
1561 2339 1948 2403 sententiam
1976 2362 2202 2403 eorum
2234 2361 2385 2401 mox
2414 2337 2686 2426 exponit

548 2435 869 2517 AvienuS,
902 2458 962 2501 v.
1000 2438 1127 2515 645
1156 2461 1171 2501 ε

906 2628 1413 2645 ...............
1446 2613 1556 2649 non
1584 2613 1706 2648 eum
1735 2614 1928 2649 occasu
1950 2595 2146 2666 premi,

896 2674 1078 2729 Nullos
1102 2676 1279 2730 subire
1302 2678 1536 2750 gurgites
1553 2720 1568 2744 ,
1587 2697 1862 2751 nunquam
1884 2678 2088 2745 occuli,

893 2758 995 2813 Sed
1018 2760 1165 2815 obire
1192 2760 1451 2815 mundum
1470 2802 1485 2825 ,
1515 2763 1730 2835 obliqua
1757 2762 1872 2815 cali
1899 2779 2146 2827 currere,
2181 2772 2278 2813 etc.

539 2950 769 3038 Neque
790 2974 947 3015 vero
975 2974 1011 3015 e
1038 2952 1217 3016 libris
1248 2950 1445 3016 hodie
1477 2952 1932 3040 superstitibus
1958 2968 2250 3016 veterum
2280 2950 2672 3037 scriptorum

542 3052 705 3115 mihi
720 3052 902 3115 locus
928 3054 1249 3117 succurrit
1264 3104 1282 3133 ,
1306 3055 1419 3141 qui
1438 3055 1770 3143 planitiem
1791 3078 1932 3119 eam
1953 3070 2137 3119 terrae
2152 3104 2170 3135 ,
2191 3069 2257 3117 et
2275 3052 2674 3140 descriptum

542 3150 905 3217 secundum
935 3176 1073 3217 eam
1102 3154 1418 3218 ambitum
1442 3155 1593 3220 solis
1621 3178 1698 3221 ex
1725 3156 2036 3244 opinione
2057 3170 2308 3219 vetusta
2329 3152 2672 3217 mdiorum

542 3256 927 3319 saeculorum
960 3254 1369 3321 describeret.
1406 3258 1722 3322 Omnium
1747 3260 1968 3346 potius
1997 3257 2175 3322 libris
2201 3271 2267 3320 et
2289 3255 2678 3343 disputatio-

540 3358 733 3424 nibus
766 3358 1216 3443 confirmatur,
1254 3359 1434 3447 quod
1470 3359 1846 3426 Cleomedes
1881 3360 2055 3425 dicto
2093 3361 2240 3424 loco
2275 3356 2572 3436 subjicit:
2605 3368 2672 3419 οἱ

536 3466 597 3522 ὃὸ
627 3472 854 3542 ’ἡμέτεροι
892 3468 975 3523 καὶ
1004 3472 1104 3525 ἀπὸ
1145 3478 1242 3525 τῶν
1279 3470 1585 3543 μαθημάτων
1623 3478 1839 3538 πάντα,
1879 3472 1962 3525 καὶ
1999 3474 2040 3525 οἱ
2079 3472 2274 3532 πλείους
2307 3476 2406 3523 τῶν
2450 3468 2548 3521 ἀπὸ
2583 3472 2668 3520 τοῦ

538 3568 849 3636 Σωκρατικῡῦ
886 3561 1269 3633 ὃιδασκοιλιῖου,
1308 3569 1552 3638 σφαιρικὸν
1596 3562 1716 3621 εἶναι
1743 3570 1801 3621 τὸ
1838 3574 2014 3640 σχῆμα.
2045 3570 2134 3629 τῆς
2173 3570 2262 3637 γῆς
2285 3560 2666 3619 &reficio-ccv.

537 3646 691 3729 Quo
724 3648 927 3738 magis
966 3650 1397 3715 memorabilis
1428 3650 1536 3714 hic
1568 3650 1752 3715 locus
1784 3650 2012 3717 Avieni
2045 3666 2143 3716 est
2163 3698 2182 3731 ,
2219 3649 2334 3736 qui
2366 3644 2668 3711 vetustis-

534 3746 849 3813 simorum
882 3750 1257 3816 Graecorum
1286 3750 1666 3817 traditiones
1695 3754 2052 3819 consectari
2080 3752 2278 3833 solet,
2311 3767 2378 3815 et
2408 3747 2668 3837 opinio·

536 3870 689 3911 nem
720 3850 907 3915 istam
944 3854 1137 3940 primi
1174 3856 1289 3919 aevi
1320 3853 1405 3919 de
1440 3856 1576 3920 sole
1607 3854 1836 3921 orbem
1871 3871 2056 3920 terrae
2087 3854 2354 3941 planum
2388 3852 2666 3915 circum-

538 3966 734 4015 eunte
774 3954 940 4016 forte
986 3956 1162 4019 solus
1205 3956 1565 4044 descripsit.
1617 3960 1700 4021 At
1746 3956 2120 4022 recentioris
2165 3956 2280 4021 oevi
2323 3954 2662 4041 scriptores

532 4050 930 4118 Christianos
945 4102 963 4136 ,
989 4070 1056 4119 et
1072 4054 1371 4123 doctores
1388 4060 1620 4123 veteris
1645 4059 1924 4124 ecclesiae
1941 4060 2287 4147 plerosque
2303 4104 2320 4138 ,
2343 4070 2662 4121 vetustam

534 4154 705 4218 illam
726 4172 793 4219 et
810 4156 1165 4221 obsoletam
1180 4160 1566 4223 sententiam
1581 4210 1599 4241 ,
1617 4162 1770 4248 quia
1789 4160 1976 4225 dictis
1995 4180 2316 4224 sacrarum
2333 4158 2660 4222 literarum
