2996 4685
877 363 1016 432 DE
1075 363 1156 430 R.
1213 363 1523 432 FESTO
1575 361 1987 434 AVIENO.
2422 359 2502 435 15

359 497 443 562 Et
475 497 558 562 de
597 495 763 582 Imp.
789 493 1158 559 Alexandro
1177 495 1414 560 Severo
1435 495 1841 584 Lampridius
1865 491 1957 582 (1)
1988 508 2327 577 memorat,
2352 515 2506 558 eum

359 604 688 667 matutinis
725 600 894 665 horis
923 603 989 664 in
1019 599 1258 666 larario
1290 623 1402 664 suo
1434 621 1563 665 rem
1596 601 1879 666 ὥίνίιιαηι
1889 599 2145 689 fecisse.
2190 601 2329 666 Alia
2366 602 2508 665 loca

358 731 498 773 rem
529 705 976 772 confirmantia
1009 706 1188 772 dabit
1217 709 1565 773 Brouerius
1597 708 1677 772 de
1698 707 1979 774 Niedeck
1993 704 2109 794 (α).

448 935 510 999 N
513 957 601 998 on
636 935 906 1000 meliore
935 935 1240 998 nituntur
1270 932 1739 1015 fundament0‚
1763 953 1907 1022 quae
1938 929 2022 995 de
2048 931 2253 1020 patria
2275 931 2507 995 Avieni

360 1039 668 1128 Hispania
707 1037 1144 1128 prodiderunt
1178 1037 1336 1120 viri,
1383 1037 1661 1102 maxime
1716 1059 1795 1101 ex
1838 1033 2142 1126 Hispanis
2162 1084 2180 1119 ‚
2232 1034 2505 1116 eruditi,

359 1147 496 1234 qui,
525 1145 747 1210 nescio
783 1167 918 1233 quo
943 1167 1184 1226 errore,
1212 1167 1419 1233 quave
1447 1143 1804 1208 ambitione
1834 1138 2108 1225 inducti,
2138 1143 2343 1206 civem
2378 1142 2502 1207 sibi

357 1253 680 1317 Avienum
707 1249 1036 1336 vindicare
1063 1251 1245 1314 omni
1277 1249 1497 1316 studio
1530 1249 1747 1316 eonati
1777 1265 1970 1331 sunt,
2003 1265 2069 1313 et
2099 1265 2331 1337 praeter
2356 1250 2500 1314 Nic.

355 1358 720 1423 Antonium
754 1381 794 1422 a
822 1357 1169 1422 Francisco
1203 1358 1453 1422 Bivario
1489 1359 1559 1421 in
1594 1357 2091 1422 Commentariis
2122 1355 2207 1420 ad
2242 1356 2334 1421 Μ.
2356 1355 2503 1420 Ma·

356 1464 604 1529 ximum
623 1513 642 1546 ‚
695 1465 853 1528 item
881 1489 918 1529 a
956 1464 1312 1530 Ramiresio
1353 1463 1435 1530 de
1473 1463 1685 1528 Prado
1724 1462 1808 1528 ad
1854 1462 2239 1552 Luitprandi
2260 1462 2503 1528 Adver—

355 1573 553 1653 sarin,
586 1596 650 1661 p.
683 1576 808 1659 492
831 1621 848 1654 ,
883 1573 1329 1637 nominantur.
1367 1573 1767 1662 Argumenta
1802 1570 2135 1659 opinionis
2168 1593 2301 1636 suae
2332 1593 2500 1659 prae-

355 1677 544 1766 cipue
596 1692 834 1765 petunt
883 1701 963 1742 ex
997 1677 1230 1744 Avieni
1273 1677 1494 1743 libello
1542 1677 1625 1742 de
1670 1678 1801 1742 Ora
1850 1677 2207 1757 maritima,
2246 1677 2317 1740 in
2364 1699 2499 1764 quo

353 1784 507 1870 quia
539 1784 917 1872 Hispaniam
955 1800 1022 1847 et
1051 1783 1492 1872 Hispanorum
1527 1799 1787 1872 gentem
1820 1783 2096 1848 maxime
2134 1799 2325 1848 ornat
2357 1784 2498 1848 lau·-

354 1886 548 1951 dibus
577 1884 704 1973 (3),
731 1887 799 1949 in
827 1907 1102 1974 eamque
1133 1909 1275 1951 rem
1306 1886 1591 1952 Punicos
1616 1887 2001 1950 Himilconis
2029 1887 2290 1952 annales
2316 1888 2498 1970 citat,

355 1991 484 2055 hoc
512 2013 662 2055 eum
693 1991 912 2080 patriae
943 2013 1076 2056 suae
1104 1992 1344 2056 honori
1374 1991 1631 2056 dedisse
1663 1993 2051 2058 existimant.
2079 1993 2207 2058 Sed
2236 1995 2330 2057 illi
2356 2017 2496 2058 non

353 2097 610 2180 vident,
662 2115 776 2162 aut
805 2099 960 2163 satis
991 2098 1354 2188 expendere
1387 2099 1780 2181 noluerunt,
1825 2099 1881 2164 si
1928 2101 2075 2188 quis
2120 2101 2335 2166 honos
2374 2103 2495 2168 Hi-

354 2205 592 2293 spaniae
624 2205 708 2269 ab
745 2220 1012 2270 auctore
1043 2206 1559 2298 habenam-non
1589 2207 1773 2270 illum
1801 2205 2062 2271 adfectu
2099 2207 2235 2288 ejus
2271 2209 2341 2271 in
2378 2231 2499 2297 pa-

353 2311 544 2376 triam
579 2333 955 2402 expressum
973 2360 992 2394 ‚
1021 2308 1136 2377 sed
1167 2334 1204 2377 a
1232 2310 1380 2377 loco
1410 2327 1476 2376 et
1510 2311 1851 2376 occasione
1884 2312 2169 2378 materiae
2198 2313 2493 2379 oblatum

353 2438 495 2480 esse
524 2416 642 2505 (4).
694 2417 952 2481 Etenim
989 2440 1123 2481 non
1169 2440 1334 2507 opus
1373 2418 1704 2507 integrum
1740 2433 1875 2501 est,
1908 2419 2093 2506 quod
2136 2418 2493 2503 habemus,

355 2521 470 2585 sed
503 2523 942 2613 fingmentum
973 2523 1422 2611 descriptionis
1453 2546 1584 2588 orae
1615 2524 1983 2601 maritimae,
2019 2549 2059 2589 a
2090 2524 2383 2591 Gadibus
2408 2526 2495 2592 ad

354 2628 700 2695 Massiliam
753 2652 962 2718 usque
991 2630 1352 2719 procedens
1369 2676 1388 2711 ,
1423 2629 1609 2719 quod
1638 2631 1841 2695 solam
1876 2631 2009 2696 fene
2040 2654 2221 2697 oram
2258 2634 2497 2722 Hispa-

355 2735 480 2799 niae
511 2736 840 2818 continet,
873 2754 1072 2826 atque
1109 2737 1266 2802 huic
1303 2736 1468 2802 adeo
1511 2760 1633 2825 pro
1674 2738 1960 2820 subjecta
1994 2738 2257 2804 materia
2288 2740 2495 2829 pluri·

355 2864 537 2906 mum
569 2842 778 2908 laudis
805 2844 1115 2933 impertit.
1153 2847 1238 2907 At
1272 2866 1408 2907 non
1443 2844 1581 2907 sola
1610 2842 1805 2923 hujus
1846 2866 2072 2910 mussa
2112 2860 2489 2935 susceptum

353 2947 436 3012 ab
469 2966 736 3016 auctore
769 2973 968 3038 opus,
999 2948 1114 3015 sed
1140 2950 1553 3040 propositum
1586 2949 1647 3013 ei
1678 2950 1880 3015 fuisse
1900 2998 1919 3033 ,
1945 2968 2022 3015 ut
2051 2966 2267 3019 totum
2296 2952 2489 3017 maris

424 3202 500 3267 (1)
536 3200 600 3251 In
629 3198 778 3254 Alex.
807 3200 923 3255 Sev.
951 3218 1066 3273 cap.
1095 3216 1178 3269 ²9·

425 3298 505 3368 (s)
539 3300 617 3351 De
642 3302 764 3353 Vet.
781 3300 1000 3356 Aderat.
1029 3320 1146 3374 cap.
1169 3320 1204 3370 9
1221 3340 1236 3367 ,
1263 3318 1388 3373 pag.
1411 3318 1498 3369 99.

429 3400 509 3468 (3)
544 3399 660 3454 Nic.
685 3402 977 3469 Antonius,
1013 3402 1142 3458 Bibl.
1171 3402 1318 3475 Πίῳ.
1345 3402 1426 3469 11,
1460 3421 1521 3472 9,
1554 3418 1676 3473 pag.
1708 3400 1826 3470 157,
1866 3397 2135 3471 procipue
2159 3397 2268 3451 hnc
2294 3398 2487 3465 refert,

356 3488 504 3560 qnod
537 3490 772 3543 Avienus
809 3496 1156 3559 magnanimos
1197 3496 1387 3553 Iberos,
1431 3504 1619 3546 contra
1654 3500 1833 3545 autem
1862 3502 2023 3539 truces
2050 3490 2223 3539 Gallos
2248 3500 2403 3542 vocet
2430 3488 2489 3541 in

355 3580 536 3632 Dcscr.
561 3580 694 3634 orb.
719 3590 898 3647 terro,
923 3598 975 3633 v.
994 3580 1096 3643 415
1120 3592 1173 3635 et
1197 3589 1320 3647 4²²·

425 3684 504 3751 (4)
536 3682 660 3736 Pari
683 3682 890 3736 ratione
912 3680 1132 3754 quidam
1168 3683 1308 3737 docti
1341 3682 1563 3757 Hispani
1588 3678 1949 3735 Claudianum
1983 3692 2195 3752 poetam
2214 3679 2489 3753 Hispania

347 3766 537 3844 'patrio
565 3771 836 3826 vindicam
861 3773 978 3827 ausi
1005 3785 1158 3840 sunt,
1184 3786 1344 3846 atque
1368 3774 1475 3827 hoc
1500 3771 1629 3826 inde
1650 3770 1997 3843 comprobare
2012 3812 2027 3837 ,
2059 3770 2209 3843 quod
2226 3768 2489 3841 Hispania

356 3860 536 3916 laudes
574 3862 766 3934 sepius
803 3874 1135 3916 recurrentes
1171 3863 1432 3935 legantur.
1485 3860 1556 3915 Id
1596 3878 1723 3913 veto
1761 3858 2008 3932 Hispanis
2045 3858 2458 3931 Imperatoribus
2470 3896 2490 3923 ,

355 3948 657 4005 Theodosio
683 3963 739 4005 et
762 3950 1002 4005 Honorio
1015 3993 1032 4019 ,
1057 3952 1409 4024 Angustaque
1431 3948 1644 4003 familia
1663 3989 1680 4015 ‚
1722 3948 1925 4001 urbane
1952 3959 2005 4001 et
2031 3946 2290 4014 obnoxie,
2323 3946 2490 3999 immo

357 4037 652 4093 adulatorie
691 4038 874 4093 datum
915 4058 1027 4096 enne
1043 4080 1060 4108 ,
1094 4038 1270 4093 verius
1299 4036 1507 4111 judicat
1547 4036 1666 4091 Nic.
1698 4036 1959 4089 Antonius
1976 4077 1993 4102 ,
2033 4034 2169 4088 Bibl.
2204 4046 2305 4088 vet.
2338 4034 2488 4105 Hisp.

355 4126 447 4181 lib.
477 4127 587 4193 m,
613 4146 730 4200 cap.
753 4128 818 4194 ⁵3
845 4132 1000 4203 cujus
1027 4126 1190 4185 verba
1218 4124 1345 4183 citat
1367 4124 1671 4195 Fabricius,
1690 4124 1829 4179 nihl.
1854 4125 1972 4178 Lat.
2000 4122 2093 4177 lib.
2120 4122 2225 4191 111,
2242 4140 2357 4194 cap.
2374 4124 2457 4174 15.
