2996 4685
1007 445 1215 513 ORA
1278 441 1846 511 MARITIMA.

965 619 980 632 .
1082 563 1415 632 effluentis
1454 563 1640 666 ostiis

1535 710 2029 728 00000

562 789 883 859 Sinuatur
921 786 1090 874 alte,
1131 801 1199 878 et
1242 787 1518 880 propria
1557 811 1676 881 per
1720 785 2064 880 dispendia

558 901 801 992 Cespes
836 911 1131 982 cavatur,
1168 896 1343 991 repit
1380 895 1562 964 unda
1598 894 1883 990 longior,

561 1006 907 1102 Molesque
954 1004 1165 1075 multa
1216 1005 1504 1101 gurgitis
1547 1004 1967 1073 distenditur.

560 1118 749 1187 Treis
786 1141 1073 1211 namque
1110 1117 1181 1184 in
1218 1114 1332 1183 illo
1368 1115 1672 1182 maximae
1709 1128 1885 1182 stant
1921 1112 2188 1194 insulae,

562 1228 888 1324 saxisque
932 1226 1118 1295 duris
1162 1222 1437 1319 pelagus
1474 1223 1976 1292 interfunditur.
2415 1242 2492 1280 πο

656 1340 799 1408 Nec
835 1335 1033 1431 longe
1067 1337 1151 1403 ab
1190 1335 1317 1403 isto
1353 1335 1620 1428 cespitis
1657 1334 1838 1430 rupti
1875 1335 2058 1403 sinus

560 1447 753 1518 Alter
792 1447 1076 1519 dehiscit
1094 1499 1114 1532 ,
1162 1442 1544 1538 insulasque
1585 1460 1873 1538 quatuor
1997 1483 2035 1519 ι4

565 1557 683 1652 (At
718 1559 973 1652 priscus
1014 1581 1173 1625 usus
1216 1555 1386 1623 dixit
1422 1553 1542 1623 has
1581 1579 1814 1624 omnes
1849 1554 2108 1650 triplas)

368 1747 457 1800 bet
474 1749 612 1801 Ven.
644 1767 775 1816 saepe
792 1749 817 1775 ⁶
855 1749 1121 1800 calentibus
1144 1747 1217 1800 V.
1256 1764 1385 1815 soepe

360 1830 731 1893 percellentibus
747 1825 888 1879 Pith.
909 1839 961 1879 et
982 1824 1153 1878 Huds.

442 1904 561 1974 ⁵75.
596 1905 771 1957 Prima
819 1905 978 1958 editio
1016 1922 1139 1958 cum
1196 1901 1381 1956 lacuna

370 1981 458 2036 hic
484 1994 824 2054 representat
840 1989 939 2037 Ru.
960 2020 976 2034 .
997 2019 1013 2035 .
1031 1984 1274 2054 fffluentis
1298 1985 1386 2033 ho·

370 2064 501 2123 sciis,
537 2075 589 2114 et
624 2076 746 2136 post
781 2080 895 2116 eam
928 2062 1120 2115 lineam
1158 2060 1386 2114 duorum

369 2159 617 2193 versuum
651 2142 879 2214 spatium
923 2141 1209 2213 relinquit,
1242 2139 1386 2210 quod

366 2217 587 2290 implere
623 2217 821 2273 nemini
860 2221 1011 2274 facile
1042 2221 1099 2272 in
1134 2231 1385 2291 promptu

369 2296 485 2352 erit.
505 2299 643 2352 Mihi
668 2299 882 2353 residua
914 2299 1112 2375 syllaba
1142 2304 1215 2351 Ru
1250 2296 1386 2351 indi·

368 2396 489 2431 care
505 2376 734 2443 videtur,
748 2379 837 2433 hic
850 2381 1171 2433 mentionem
1191 2379 1387 2431 factam

368 2474 481 2509 esse
508 2458 651 2512 lacus
681 2463 903 2520 Rubresi,
940 2460 1056 2523 vel,
1094 2471 1152 2512 ut
1180 2457 1387 2511 Plinius

368 2546 547 2602 vocat,
562 2540 841 2599 Rubrensis,
862 2555 1023 2610 quem
1040 2538 1124 2589 his
1146 2538 1203 2589 in
1221 2538 1387 2609 regio-

366 2614 527 2667 nibus
542 2628 835 2668 memorant
850 2616 1179 2688 Geographi.
1198 2616 1386 2689 Pomp.

368 2694 539 2760 Mela,
566 2694 651 2747 lib.
672 2694 757 2761 11,
774 2712 893 2767 cap.
918 2696 947 2748 5
976 2716 989 2748 :
1024 2697 1233 2748 tLacus
1251 2694 1387 2746 acci-

367 2772 447 2844 pit
480 2791 601 2826 eum
638 2774 879 2840 (Atacem
918 2773 1157 2842 fluvium)
1190 2772 1388 2824 Rubre-

371 2870 461 2904 sns
488 2850 738 2919 nomine,
773 2854 1034 2925 spatiosus
1066 2850 1387 2916 admodum,

370 2930 461 2986 sed
477 2970 491 2995 ,
512 2948 616 3003 qua
634 2950 780 2985 mare
800 2931 1055 2997 admittit,
1082 2930 1251 2984 tenuis
1282 2927 1391 2981 adi·

366 3022 462 3063 tu»
470 3008 687 3064 .Hodie
704 3018 942 3080 Stagnum
959 3014 1161 3063 Rubinoe
1180 3020 1392 3076 vocant,

368 3100 429 3140 ut
416 3086 665 3143 adnotat
687 3090 928 3145 Vossius.

445 3168 562 3237 576.
582 3174 791 3238 Pmpria
814 3192 912 3239 per
930 3173 1192 3238 dispendia
1219 3173 1389 3237 Cespes

370 3260 587 3307 cavatur,
629 3244 687 3297 h.
726 3266 771 3303 e.
811 3266 909 3319 per
940 3248 1305 3301 circumflexus
1340 3262 1393 3303 et

372 3324 618 3395 ambages
656 3326 891 3380 sinuum.
940 3327 1065 3380 Sic'
1050 3346 1105 3379 ιιι
1134 3326 1389 3397 Descript.

370 3401 501 3455 orb.
532 3421 605 3454 vs.
635 3406 773 3473 687-
758 3444 771 3456 .
819 3406 1067 3458 -Multus
1102 3404 1193 3458 ubi
1225 3422 1391 3459 exeso

370 3480 515 3536 sinus
543 3496 624 3536 est
652 3484 857 3537 telluris
887 3485 955 3537 ab
980 3487 1117 3553 alto,
1138 3486 1213 3537 Ac
1252 3483 1391 3539 latus

370 3578 529 3614 omne
548 3562 645 3615 soli
666 3564 853 3635 procul
875 3564 931 3616 in
956 3562 1231 3635 dispendia
1250 3562 1391 3617 cedit

368 3640 560 3693 Litoris
572 3645 960 3712 ».-Dispendia
972 3642 1294 3697 contrarium
1312 3656 1391 3696 est

369 3728 437 3789 τῷ
464 3724 775 3789 compendia.
804 3724 937 3775 Nam
963 3722 1063 3775 viae
1090 3720 1315 3775 ambitus
1339 3734 1391 3774 et

367 3796 557 3864 flexus,
588 3816 704 3853 eam
737 3800 1125 3873 dispendiosam
1164 3800 1384 3853 faciunt.

368 3876 592 3930 Videtur
621 3878 735 3932 hoec
760 3898 861 3933 vox
878 3882 1092 3953 proprie
1120 3900 1150 3935 a
1181 3883 1386 3947 dispan-

368 3960 532 4007 dendo
570 3954 821 4012 derivata.
860 3960 1059 4013 Lucan.
1098 3958 1237 4011 vm
1255 3996 1272 4022 ,

372 4060 395 4081 ι
427 4033 541 4087 lam
565 4054 725 4109 super
750 4036 1033 4092 Herculeas
1054 4039 1229 4091 fauces
1248 4079 1265 4105 ,
1294 4056 1385 4091 ne-

368 4132 683 4186 morosaque
708 4116 910 4189 Tempe
927 4156 942 4181 ,
980 4116 1265 4171 Haemoniae
1287 4116 1383 4171 de-

367 4204 501 4246 serta
528 4206 711 4266 petens
737 4194 1009 4269 dispendia
1028 4197 1173 4252 silvoe
1194 4223 1234 4250 ιο.
1259 4199 1362 4251 En.

1544 1743 1665 1815 577.
1701 1746 1859 1814 Eripit
1896 1747 2032 1797 unda
2075 1748 2276 1814 longior
2313 1746 2494 1799 scribit

1468 1823 1646 1895 prima
1662 1823 1802 1876 Ven.
1829 1841 1953 1876 cum
1985 1841 2152 1894 eaque
2179 1823 2320 1878 Pith.
2348 1831 2500 1895 serpit

1471 1905 1609 1954 unda
1645 1907 1830 1972 largior
1855 1901 2018 1956 edidit
2049 1901 2222 1956 Huds.
2245 1907 2365 1972 repit
2382 1907 2496 1959 vult

1470 1982 1695 2038 Schrad.
1719 1985 1772 2036 in
1793 1979 1972 2037 sched.
1993 1987 2146 2052 erepit
2167 1983 2343 2038 Heius.
2374 1984 2466 2038 sed
2480 2025 2496 2051 ,

1472 2067 1622 2132 erepit
1647 2063 1776 2136 quia
1805 2081 1988 2116 versus
2017 2081 2124 2115 non
2151 2063 2371 2134 patitur,
2401 2061 2496 2116 du-

1472 2141 1627 2194 bitari
1645 2155 1838 2216 potest,
1867 2145 1993 2211 repit
2011 2160 2079 2194 an
2099 2145 2247 2210 sopit
2264 2141 2495 2195 scriben-

1474 2219 1604 2272 dum
1641 2221 1724 2274 sit.
1760 2221 2065 2292 Utrumque
2100 2218 2302 2274 Avieno
2332 2221 2495 2274 usita-

1472 2311 1587 2353 tum
1611 2311 1704 2355 est.
1731 2301 1908 2355 Descr.
1940 2300 2073 2354 orb.
2100 2319 2150 2354 v.
2181 2307 2272 2366 ¹4¹
2296 2319 2309 2354 :
2336 2327 2361 2347 o·
2379 2301 2496 2353 Alta

1472 2390 1677 2452 petunt,
1703 2398 1866 2435 rauco
1901 2380 2110 2453 penitus
2138 2382 2376 2451 repentia
2399 2378 2498 2433 ssu-

1474 2470 1564 2512 ctu
1588 2485 1633 2512 n.
1667 2460 1802 2513 Ibid.
1832 2479 1878 2511 v.
1905 2460 2002 2531 ¹⁵7
2026 2481 2039 2513 ε
2067 2486 2089 2507 ι
2107 2460 2278 2532 Inque
2297 2460 2496 2513 Notum

1471 2536 1580 2591 late
1615 2538 1746 2591 vada
1779 2539 1931 2609 ponti
1976 2538 2168 2593 cerula
2214 2552 2433 2609 serpunt
2453 2564 2497 2591 ιο.

1472 2618 1754 2671 Praeferam
1775 2630 1952 2670 tamen
1973 2620 2116 2686 repit,
2131 2618 2258 2688 quia
2277 2618 2379 2671 hoc
2403 2616 2500 2669 mi·

1475 2714 1576 2749 nus
1595 2696 1704 2748 abit
1727 2715 1758 2748 a
1781 2696 1952 2767 prima
1979 2696 2256 2767 scriptura.
2285 2699 2500 2763 Largior

1478 2793 1656 2827 errore
1672 2814 1687 2839 ,
1715 2792 1785 2826 nn
1806 2774 2046 2826 consulto
2063 2773 2331 2844 scripserit
2351 2773 2498 2825 Hud-

1474 2870 1664 2918 somn,
1689 2852 1896 2923 ignom.
1931 2852 2046 2921 Ego
2081 2855 2280 2921 longior
2314 2852 2500 2924 prims.-

1476 2929 1605 2984 edit.
1634 2928 1925 2983 tenendum
1953 2946 2065 2983 esse
2086 2930 2343 2996 arbitror,
2375 2929 2496 3001 quis

1476 3010 1582 3062 hoc
1613 3008 1856 3063 convenit
1886 3026 2009 3062 cum
2044 3021 2295 3081 sequente
2319 3010 2502 3062 disten·

1477 3093 1622 3143 ditur.
1643 3090 1797 3143 Conf.
1819 3089 1981 3144 etiam
2003 3108 2053 3142 v.
2078 3088 2197 3143 531.

1551 3170 1669 3241 578.
1707 3174 1868 3223 Multa
1887 3172 2117 3241 gurgitis.
2139 3168 2357 3221 Heinsio
2383 3168 2494 3240 pla·

1476 3250 1586 3305 cuit
1600 3253 1802 3319 gurgiti.

1551 3328 1671 3383 581.
1694 3331 1891 3397 Cespitis
1905 3330 2034 3397 rupti
2047 3330 2212 3379 sinus:
2235 3326 2373 3379 forte
2388 3344 2497 3379 me-

1476 3408 1580 3461 lius
1598 3408 1665 3462 sit
1687 3410 1809 3460 sinu.
1848 3405 1930 3460 Ad
1963 3410 2170 3459 dehiscit
2201 3406 2501 3461 conferatur

1476 3504 1554 3539 vs.
1587 3485 1711 3539 530.

1552 3564 1672 3621 583.
1725 3571 1828 3619 Has
1883 3568 2040 3618 omnis
2087 3566 2256 3633 piplas
2320 3562 2502 3617 scribit

1480 3646 1620 3699 Ven.
1648 3648 1847 3715 Piplas‚
1875 3645 2028 3719 quasi
2052 3644 2157 3697 hoc
2181 3661 2374 3697 nomen
2398 3643 2464 3696 sit
2482 3684 2499 3708 ,

1475 3724 1614 3777 Pith.
1627 3744 1794 3777 omnes
1818 3724 2026 3778 volebat
2048 3724 2327 3779 HeinsJias
2343 3725 2500 3775 omnis

1475 3807 1649 3872 sufflas
1679 3802 1980 3858 emendavit
2003 3802 2172 3857 Huds.
2189 3802 2296 3857 Tot
2313 3820 2500 3855 nume-

1474 3902 1536 3936 ro
1577 3883 1777 3937 insulas
1811 3882 1917 3938 hoc
1952 3884 2009 3937 in
2044 3884 2170 3937 sinu
2205 3902 2314 3936 non
2342 3877 2512 3954 agno-¹

1318 3977 1380 4011 1:
1474 3976 1632 4017 scunt
1679 3975 1882 4017 veteres
1936 3962 2256 4035 Geographi·
2313 3962 2500 4033 Neque

1474 4041 1614 4095 enim
1659 4042 1964 4096 Stoechndes
2002 4054 2220 4115 possunt
2239 4038 2499 4109 ‘intelligi-

1472 4122 1650 4175 Unam
1688 4127 1978 4175 Blaseonem
2015 4122 2152 4177 inter
2187 4122 2496 4193 Ργκιιωιιιιι

1474 4213 1526 4253 et
1587 4200 1904 4255 Rhodanum
1965 4211 2263 4255 memorant
2280 4235 2296 4261 ,
2346 4198 2502 4269 cujus
