<?xml version="1.0" encoding="UTF-8"?>
<!DOCTYPE html PUBLIC "-//W3C//DTD XHTML 1.0 Transitional//EN"
    "http://www.w3.org/TR/xhtml1/DTD/xhtml1-transitional.dtd">
<html xmlns="http://www.w3.org/1999/xhtml" xml:lang="en" lang="en">
 <head>
  <title>
</title>
<meta http-equiv="Content-Type" content="text/html;charset=utf-8" />
  <meta name='ocr-system' content='tesseract 3.04.00' />
  <meta name='ocr-capabilities' content='ocr_page ocr_carea ocr_par ocr_line ocrx_word'/>
</head>
<body>
  <div class='ocr_page' id='page_1' title='image "./poetaelatinimin01unkngoog_0192.png"; bbox 0 0 2996 4685; ppageno 0'>
   <div class='ocr_carea' id='block_1_1' title="bbox 799 352 2201 430">
    <p class='ocr_par' dir='ltr' id='par_1_1' title="bbox 799 352 2201 430">
     <span class='ocr_line' id='line_1_1' title="bbox 799 352 2201 430; baseline -0.009 -1"><span class='ocrx_word' id='word_1_1' title='bbox 799 356 1417 430; x_wconf 83' lang='lat' dir='ltr'><strong>DESCRIPTIO</strong></span> <span class='ocrx_word' id='word_1_2' title='bbox 1469 353 1769 422; x_wconf 87' lang='lat' dir='ltr'>ORBIS</span> <span class='ocrx_word' id='word_1_3' title='bbox 1822 352 2201 419; x_wconf 81' lang='lat' dir='ltr'><strong>TERRAE.</strong></span> 
     </span>
    </p>
   </div>
   <div class='ocr_carea' id='block_1_2' title="bbox 2446 351 2577 422">
    <p class='ocr_par' dir='ltr' id='par_1_2' title="bbox 2446 351 2577 422">
     <span class='ocr_line' id='line_1_2' title="bbox 2446 351 2577 422; baseline 0.015 -2"><span class='ocrx_word' id='word_1_4' title='bbox 2446 351 2577 422; x_wconf 80' lang='lat'><strong>183</strong></span> 
     </span>
    </p>
   </div>
   <div class='ocr_carea' id='block_1_3' title="bbox 527 472 2581 910">
    <p class='ocr_par' dir='ltr' id='par_1_3' title="bbox 533 472 2125 570">
     <span class='ocr_line' id='line_1_3' title="bbox 533 472 2125 570; baseline -0.011 -12"><span class='ocrx_word' id='word_1_5' title='bbox 533 491 790 558; x_wconf 83' lang='lat' dir='ltr'><strong>Caetera</strong></span> <span class='ocrx_word' id='word_1_6' title='bbox 827 497 1183 552; x_wconf 85' lang='lat' dir='ltr'><strong>terrarum.</strong></span> <span class='ocrx_word' id='word_1_7' title='bbox 1211 475 1440 547; x_wconf 86' lang='lat' dir='ltr'><strong>Tellus</strong></span> <span class='ocrx_word' id='word_1_8' title='bbox 1477 477 1751 570; x_wconf 83' lang='lat' dir='ltr'><strong>Europa</strong></span> <span class='ocrx_word' id='word_1_9' title='bbox 1790 472 2125 542; x_wconf 88' lang='lat' dir='ltr'><strong>columnis</strong></span> 
     </span>
    </p>

    <p class='ocr_par' dir='ltr' id='par_1_4' title="bbox 527 585 2581 800">
     <span class='ocr_line' id='line_1_4' title="bbox 529 585 2581 688; baseline -0.008 -23"><span class='ocrx_word' id='word_1_10' title='bbox 529 596 842 666; x_wconf 84' lang='lat' dir='ltr'><strong>Proxima</strong></span> <span class='ocrx_word' id='word_1_11' title='bbox 877 591 1344 688; x_wconf 84' lang='lat' dir='ltr'><strong>magnanimos</strong></span> <span class='ocrx_word' id='word_1_12' title='bbox 1380 587 1498 657; x_wconf 90' lang='lat' dir='ltr'><strong>alit</strong></span> <span class='ocrx_word' id='word_1_13' title='bbox 1538 611 1733 681; x_wconf 81' lang='lat' dir='ltr'><strong>aequo</strong></span> <span class='ocrx_word' id='word_1_14' title='bbox 1768 586 2022 680; x_wconf 84' lang='lat' dir='ltr'>cespite</span> <span class='ocrx_word' id='word_1_15' title='bbox 2058 585 2309 654; x_wconf 80' lang='lat' dir='ltr'><strong>Iberos,</strong></span> <span class='ocrx_word' id='word_1_16' title='bbox 2512 611 2581 656; x_wconf 59' lang='lat' dir='ltr'><strong>ms</strong></span> 
     </span>
     <span class='ocr_line' id='line_1_5' title="bbox 527 695 2085 800; baseline -0.008 -25"><span class='ocrx_word' id='word_1_17' title='bbox 527 707 620 776; x_wconf 85' lang='lat' dir='ltr'><strong>Hi</strong></span> <span class='ocrx_word' id='word_1_18' title='bbox 656 729 856 800; x_wconf 82' lang='lat' dir='ltr'><strong>super</strong></span> <span class='ocrx_word' id='word_1_19' title='bbox 891 702 1147 774; x_wconf 85' lang='lat' dir='ltr'>Oceani</span> <span class='ocrx_word' id='word_1_20' title='bbox 1185 697 1476 770; x_wconf 87' lang='lat' dir='ltr'><strong>borealis</strong></span> <span class='ocrx_word' id='word_1_21' title='bbox 1514 695 1759 792; x_wconf 84' lang='lat' dir='ltr'><strong>frigida</strong></span> <span class='ocrx_word' id='word_1_22' title='bbox 1794 710 2085 792; x_wconf 86' lang='lat' dir='ltr'><strong>tangunt</strong></span> 
     </span>
    </p>

    <p class='ocr_par' dir='ltr' id='par_1_5' title="bbox 530 807 1993 910">
     <span class='ocr_line' id='line_1_6' title="bbox 530 807 1993 910; baseline -0.008 -22"><span class='ocrx_word' id='word_1_23' title='bbox 530 819 863 910; x_wconf 83' lang='lat' dir='ltr'><strong>AEquora‚</strong></span> <span class='ocrx_word' id='word_1_24' title='bbox 905 828 974 882; x_wconf 88' lang='lat' dir='ltr'><strong>et</strong></span> <span class='ocrx_word' id='word_1_25' title='bbox 1011 837 1302 884; x_wconf 84' lang='lat' dir='ltr'><strong>excursu</strong></span> <span class='ocrx_word' id='word_1_26' title='bbox 1340 807 1572 879; x_wconf 86' lang='lat' dir='ltr'><strong>diffusi</strong></span> <span class='ocrx_word' id='word_1_27' title='bbox 1612 807 1813 880; x_wconf 85' lang='lat' dir='ltr'><strong>latius</strong></span> <span class='ocrx_word' id='word_1_28' title='bbox 1850 808 1993 902; x_wconf 84' lang='lat' dir='ltr'><strong>agri</strong></span> 
     </span>
    </p>
   </div>
   <div class='ocr_carea' id='block_1_4' title="bbox 426 1011 1473 2919">
    <p class='ocr_par' dir='ltr' id='par_1_6' title="bbox 431 1011 1468 1882">
     <span class='ocr_line' id='line_1_7' title="bbox 433 1011 1463 1090; baseline -0.006 -21"><span class='ocrx_word' id='word_1_29' title='bbox 433 1028 542 1077; x_wconf 81' lang='lat' dir='ltr'><strong>est,</strong></span> <span class='ocrx_word' id='word_1_30' title='bbox 566 1026 620 1068; x_wconf 90' lang='lat' dir='ltr'><strong>et</strong></span> <span class='ocrx_word' id='word_1_31' title='bbox 647 1033 852 1090; x_wconf 85' lang='lat' dir='ltr'><strong>pronus</strong></span> <span class='ocrx_word' id='word_1_32' title='bbox 884 1013 954 1068; x_wconf 85' lang='lat' dir='ltr'><strong>ad</strong></span> <span class='ocrx_word' id='word_1_33' title='bbox 979 1026 1191 1067; x_wconf 82' lang='lat' dir='ltr'><strong>motus·</strong></span> <span class='ocrx_word' id='word_1_34' title='bbox 1213 1035 1229 1078; x_wconf 86' lang='lat'>;</span> <span class='ocrx_word' id='word_1_35' title='bbox 1259 1011 1433 1066; x_wconf 86' lang='lat' dir='ltr'><strong>Gratii</strong></span> <span class='ocrx_word' id='word_1_36' title='bbox 1449 1052 1463 1076; x_wconf 92' lang='lat'>,</span> 
     </span>
     <span class='ocr_line' id='line_1_8' title="bbox 435 1093 1464 1169; baseline -0.005 -20"><span class='ocrx_word' id='word_1_37' title='bbox 435 1115 490 1149; x_wconf 82' lang='grc' dir='ltr'><strong>ν.</strong></span> <span class='ocrx_word' id='word_1_38' title='bbox 515 1099 614 1169; x_wconf 70' lang='grc'><strong>194</strong></span> <span class='ocrx_word' id='word_1_39' title='bbox 631 1135 646 1160; x_wconf 88' lang='grc'><strong><em>,</em></strong></span> <span class='ocrx_word' id='word_1_40' title='bbox 683 1095 778 1168; x_wconf 87' lang='lat' dir='ltr'><strong>qui</strong></span> <span class='ocrx_word' id='word_1_41' title='bbox 813 1119 836 1142; x_wconf 76' lang='lat'><strong>‹-</strong></span> <span class='ocrx_word' id='word_1_42' title='bbox 857 1111 1074 1148; x_wconf 82' lang='lat' dir='ltr'><strong>sensnm</strong></span> <span class='ocrx_word' id='word_1_43' title='bbox 1103 1093 1294 1166; x_wconf 85' lang='lat' dir='ltr'><strong>agilem</strong></span> <span class='ocrx_word' id='word_1_44' title='bbox 1321 1117 1344 1138; x_wconf 77' lang='grc' dir='ltr'>ι</span> <span class='ocrx_word' id='word_1_45' title='bbox 1375 1110 1464 1144; x_wconf 83' lang='lat' dir='ltr'><strong>vo-</strong></span> 
     </span>
     <span class='ocr_line' id='line_1_9' title="bbox 433 1171 1466 1244; baseline -0.005 -18"><span class='ocrx_word' id='word_1_46' title='bbox 433 1187 520 1228; x_wconf 89' lang='lat' dir='ltr'><strong>cat</strong></span> <span class='ocrx_word' id='word_1_47' title='bbox 540 1214 554 1240; x_wconf 89' lang='lat'><strong>,</strong></span> <span class='ocrx_word' id='word_1_48' title='bbox 585 1187 637 1227; x_wconf 85' lang='lat' dir='ltr'><strong>et</strong></span> <span class='ocrx_word' id='word_1_49' title='bbox 661 1173 868 1227; x_wconf 75' lang='lat' dir='ltr'><strong>Manilii</strong></span> <span class='ocrx_word' id='word_1_50' title='bbox 886 1173 974 1228; x_wconf 86' lang='lat'><strong>111</strong></span> <span class='ocrx_word' id='word_1_51' title='bbox 990 1211 1005 1238; x_wconf 86' lang='lat'>,</span> <span class='ocrx_word' id='word_1_52' title='bbox 1033 1173 1132 1226; x_wconf 75' lang='lat'><strong>203</strong></span> <span class='ocrx_word' id='word_1_53' title='bbox 1150 1213 1166 1238; x_wconf 86' lang='lat'><em>,</em></span> <span class='ocrx_word' id='word_1_54' title='bbox 1197 1171 1290 1244; x_wconf 88' lang='lat' dir='ltr'><strong>qui</strong></span> <span class='ocrx_word' id='word_1_55' title='bbox 1317 1171 1466 1242; x_wconf 75' lang='lat' dir='ltr'><strong>«agi-</strong></span> 
     </span>
     <span class='ocr_line' id='line_1_10' title="bbox 431 1252 1465 1308; baseline -0.003 -3"><span class='ocrx_word' id='word_1_56' title='bbox 431 1253 470 1305; x_wconf 89' lang='lat' dir='ltr'><strong>li</strong></span> <span class='ocrx_word' id='word_1_57' title='bbox 498 1253 660 1308; x_wconf 87' lang='lat' dir='ltr'><strong>corde</strong></span> <span class='ocrx_word' id='word_1_58' title='bbox 694 1253 996 1308; x_wconf 85' lang='lat' dir='ltr'><strong>notandum</strong></span> <span class='ocrx_word' id='word_1_59' title='bbox 1036 1278 1081 1306; x_wconf 76' lang='grc' dir='ltr'><strong>ι.</strong></span> <span class='ocrx_word' id='word_1_60' title='bbox 1121 1252 1364 1306; x_wconf 77' lang='lat' dir='ltr'><strong>Sonam.</strong></span> <span class='ocrx_word' id='word_1_61' title='bbox 1395 1281 1465 1292; x_wconf 87' lang='lat'><strong>--</strong></span> 
     </span>
     <span class='ocr_line' id='line_1_11' title="bbox 433 1331 1468 1406; baseline -0.003 -23"><span class='ocrx_word' id='word_1_62' title='bbox 433 1331 662 1386; x_wconf 80' lang='lat' dir='ltr'><strong>Vadian.</strong></span> <span class='ocrx_word' id='word_1_63' title='bbox 690 1351 904 1406; x_wconf 84' lang='lat' dir='ltr'><strong>quoque</strong></span> <span class='ocrx_word' id='word_1_64' title='bbox 928 1339 1038 1385; x_wconf 83' lang='lat' dir='ltr'><strong>Hoc</strong></span> <span class='ocrx_word' id='word_1_65' title='bbox 1060 1335 1186 1402; x_wconf 76' lang='lat' dir='ltr'><strong>agili</strong></span> <span class='ocrx_word' id='word_1_66' title='bbox 1204 1335 1293 1382; x_wconf 77' lang='lat' dir='ltr'><strong>sab</strong></span> <span class='ocrx_word' id='word_1_67' title='bbox 1307 1344 1468 1382; x_wconf 76' lang='lat' dir='ltr'><strong>mente</strong></span> 
     </span>
     <span class='ocr_line' id='line_1_12' title="bbox 435 1407 1465 1486; baseline -0.002 -22"><span class='ocrx_word' id='word_1_68' title='bbox 435 1407 630 1475; x_wconf 75' lang='lat' dir='ltr'><strong>tenens,¹</strong></span> <span class='ocrx_word' id='word_1_69' title='bbox 670 1413 816 1486; x_wconf 85' lang='lat' dir='ltr'><strong>quod</strong></span> <span class='ocrx_word' id='word_1_70' title='bbox 863 1426 918 1467; x_wconf 88' lang='lat' dir='ltr'><strong>et</strong></span> <span class='ocrx_word' id='word_1_71' title='bbox 972 1413 1212 1486; x_wconf 54' lang='lat' dir='ltr'><strong>Amlqros.</strong></span> <span class='ocrx_word' id='word_1_72' title='bbox 1259 1410 1465 1484; x_wconf 84' lang='lat' dir='ltr'><strong>probat.</strong></span> 
     </span>
     <span class='ocr_line' id='line_1_13' title="bbox 432 1488 1467 1566; baseline -0.004 -20"><span class='ocrx_word' id='word_1_73' title='bbox 432 1491 791 1566; x_wconf 72' lang='lat' dir='ltr'>cuspinianus</span> <span class='ocrx_word' id='word_1_74' title='bbox 809 1492 1071 1557; x_wconf 86' lang='lat' dir='ltr'><strong>similiter,</strong></span> <span class='ocrx_word' id='word_1_75' title='bbox 1089 1492 1190 1546; x_wconf 82' lang='lat' dir='ltr'><strong>nisi</strong></span> <span class='ocrx_word' id='word_1_76' title='bbox 1216 1488 1359 1564; x_wconf 80' lang='lat' dir='ltr'><strong>quod</strong></span> <span class='ocrx_word' id='word_1_77' title='bbox 1375 1489 1467 1542; x_wconf 87' lang='lat' dir='ltr'><strong>ille</strong></span> 
     </span>
     <span class='ocr_line' id='line_1_14' title="bbox 435 1567 1465 1646; baseline -0.005 -21"><span class='ocrx_word' id='word_1_78' title='bbox 435 1575 556 1624; x_wconf 75' lang='lat' dir='ltr'><strong>Haee</strong></span> <span class='ocrx_word' id='word_1_79' title='bbox 602 1572 784 1626; x_wconf 87' lang='lat' dir='ltr'><strong>scribit</strong></span> <span class='ocrx_word' id='word_1_80' title='bbox 832 1592 929 1646; x_wconf 87' lang='lat' dir='ltr'><strong>pro</strong></span> <span class='ocrx_word' id='word_1_81' title='bbox 972 1578 1093 1625; x_wconf 82' lang='lat' dir='ltr'><strong>Hoc.</strong></span> <span class='ocrx_word' id='word_1_82' title='bbox 1143 1567 1465 1624; x_wconf 82' lang='lat' dir='ltr'><strong>Hudsonus:</strong></span> 
     </span>
     <span class='ocr_line' id='line_1_15' title="bbox 433 1649 1468 1722; baseline -0.004 -20"><span class='ocrx_word' id='word_1_83' title='bbox 433 1649 635 1704; x_wconf 81' lang='lat' dir='ltr'><strong>Forsan</strong></span> <span class='ocrx_word' id='word_1_84' title='bbox 662 1655 708 1704; x_wconf 76' lang='lat' dir='ltr'><strong>si</strong></span> <span class='ocrx_word' id='word_1_85' title='bbox 726 1653 1062 1722; x_wconf 64' lang='lat' dir='ltr'><strong>manufortis,</strong></span> <span class='ocrx_word' id='word_1_86' title='bbox 1076 1649 1164 1706; x_wconf 73' lang='lat' dir='ltr'><strong>vel</strong></span> <span class='ocrx_word' id='word_1_87' title='bbox 1189 1653 1278 1702; x_wconf 78' lang='lat' dir='ltr'><strong>sub</strong></span> <span class='ocrx_word' id='word_1_88' title='bbox 1307 1663 1468 1700; x_wconf 79' lang='lat' dir='ltr'><strong>mente</strong></span> 
     </span>
     <span class='ocr_line' id='line_1_16' title="bbox 434 1725 1466 1804; baseline -0.001 -23"><span class='ocrx_word' id='word_1_89' title='bbox 434 1745 594 1782; x_wconf 76' lang='lat' dir='ltr'><strong>cerens</strong></span> <span class='ocrx_word' id='word_1_90' title='bbox 619 1768 634 1790; x_wconf 91' lang='lat'><strong><em>,</em></strong></span> <span class='ocrx_word' id='word_1_91' title='bbox 685 1729 834 1804; x_wconf 86' lang='lat' dir='ltr'><strong>qnod</strong></span> <span class='ocrx_word' id='word_1_92' title='bbox 877 1730 1083 1803; x_wconf 78' lang='lat' dir='ltr'><strong>placuit</strong></span> <span class='ocrx_word' id='word_1_93' title='bbox 1120 1727 1328 1794; x_wconf 84' lang='lat' dir='ltr'><strong>oddio,</strong></span> <span class='ocrx_word' id='word_1_94' title='bbox 1371 1725 1466 1781; x_wconf 88' lang='lat' dir='ltr'><strong>sed</strong></span> 
     </span>
     <span class='ocr_line' id='line_1_17' title="bbox 433 1807 966 1882; baseline 0 -21"><span class='ocrx_word' id='word_1_95' title='bbox 433 1807 757 1863; x_wconf 86' lang='lat' dir='ltr'><strong>Schraderus</strong></span> <span class='ocrx_word' id='word_1_96' title='bbox 780 1810 966 1882; x_wconf 68' lang='lat' dir='ltr'><strong>reiicit.</strong></span> 
     </span>
    </p>

    <p class='ocr_par' dir='ltr' id='par_1_7' title="bbox 426 1879 1473 2919">
     <span class='ocr_line' id='line_1_18' title="bbox 507 1879 1464 1950; baseline 0.001 -11"><span class='ocrx_word' id='word_1_97' title='bbox 507 1892 629 1950; x_wconf 73' lang='grc'>414.</span> <span class='ocrx_word' id='word_1_98' title='bbox 659 1891 850 1940; x_wconf 77' lang='lat' dir='ltr'><strong>Caetera</strong></span> <span class='ocrx_word' id='word_1_99' title='bbox 891 1903 1151 1940; x_wconf 77' lang='lat' dir='ltr'><strong>terrarum.</strong></span> <span class='ocrx_word' id='word_1_100' title='bbox 1189 1879 1277 1940; x_wconf 83' lang='lat' dir='ltr'><strong>Sic</strong></span> <span class='ocrx_word' id='word_1_101' title='bbox 1297 1886 1464 1940; x_wconf 77' lang='lat' dir='ltr'><strong>etiam</strong></span> 
     </span>
     <span class='ocr_line' id='line_1_19' title="bbox 435 1964 1466 2040; baseline 0.001 -23"><span class='ocrx_word' id='word_1_102' title='bbox 435 1982 514 2017; x_wconf 79' lang='lat' dir='ltr'><strong>vs.</strong></span> <span class='ocrx_word' id='word_1_103' title='bbox 534 1964 689 2032; x_wconf 82' lang='lat'>1331,</span> <span class='ocrx_word' id='word_1_104' title='bbox 712 1980 856 2018; x_wconf 77' lang='lat' dir='ltr'><strong>teme</strong></span> <span class='ocrx_word' id='word_1_105' title='bbox 875 1985 976 2040; x_wconf 84' lang='lat' dir='ltr'><strong>pro</strong></span> <span class='ocrx_word' id='word_1_106' title='bbox 1003 1977 1160 2018; x_wconf 85' lang='lat' dir='ltr'><strong>terra.</strong></span> <span class='ocrx_word' id='word_1_107' title='bbox 1197 1965 1365 2018; x_wconf 69' lang='lat' dir='ltr'><strong>sena.</strong></span> <span class='ocrx_word' id='word_1_108' title='bbox 1396 1996 1466 2005; x_wconf 90' lang='lat'>—</span> 
     </span>
     <span class='ocr_line' id='line_1_20' title="bbox 441 2045 1468 2118; baseline 0.002 -24"><span class='ocrx_word' id='word_1_109' title='bbox 441 2047 600 2096; x_wconf 72' lang='lat' dir='ltr'><strong>Tellus</strong></span> <span class='ocrx_word' id='word_1_110' title='bbox 631 2049 854 2115; x_wconf 75' lang='lat' dir='ltr'><strong>Europa.</strong></span> <span class='ocrx_word' id='word_1_111' title='bbox 885 2046 969 2098; x_wconf 78' lang='lat' dir='ltr'><strong>An</strong></span> <span class='ocrx_word' id='word_1_112' title='bbox 997 2045 1237 2098; x_wconf 81' lang='lat' dir='ltr'><strong>imitatur</strong></span> <span class='ocrx_word' id='word_1_113' title='bbox 1262 2045 1468 2118; x_wconf 79' lang='lat' dir='ltr'><strong>Diony-</strong></span> 
     </span>
     <span class='ocr_line' id='line_1_21' title="bbox 426 2121 1469 2200; baseline 0.01 -26"><span class='ocrx_word' id='word_1_114' title='bbox 426 2121 596 2190; x_wconf 77' lang='lat' dir='ltr'><strong>sium,</strong></span> <span class='ocrx_word' id='word_1_115' title='bbox 620 2143 673 2177; x_wconf 80' lang='lat' dir='ltr'><strong>v.</strong></span> <span class='ocrx_word' id='word_1_116' title='bbox 696 2125 814 2192; x_wconf 77' lang='lat'>15²,</span> <span class='ocrx_word' id='word_1_117' title='bbox 830 2128 974 2200; x_wconf 78' lang='grc' dir='ltr'><strong>γαίης</strong></span> <span class='ocrx_word' id='word_1_118' title='bbox 1003 2127 1126 2199; x_wconf 57' lang='lat' dir='ltr'><strong>batt?</strong></span> <span class='ocrx_word' id='word_1_119' title='bbox 1153 2127 1436 2199; x_wconf 74' lang='grc' dir='ltr'><strong>Εὐρωπιὶης</strong></span> <span class='ocrx_word' id='word_1_120' title='bbox 1451 2163 1469 2191; x_wconf 84' lang='lat'>‚</span> 
     </span>
     <span class='ocr_line' id='line_1_22' title="bbox 435 2202 1464 2280; baseline 0.009 -24"><span class='ocrx_word' id='word_1_121' title='bbox 435 2202 528 2276; x_wconf 86' lang='lat' dir='ltr'><strong>qni</strong></span> <span class='ocrx_word' id='word_1_122' title='bbox 536 2204 847 2277; x_wconf 81' lang='lat' dir='ltr'><strong>simpliciter</strong></span> <span class='ocrx_word' id='word_1_123' title='bbox 860 2208 1114 2280; x_wconf 74' lang='grc' dir='ltr'><strong>Εὐρωπιίη</strong></span> <span class='ocrx_word' id='word_1_124' title='bbox 1129 2225 1228 2278; x_wconf 85' lang='lat' dir='ltr'><strong>pro</strong></span> <span class='ocrx_word' id='word_1_125' title='bbox 1237 2207 1464 2279; x_wconf 70' lang='grc' dir='ltr'><strong>Εὐρώπη,</strong></span> 
     </span>
     <span class='ocr_line' id='line_1_23' title="bbox 439 2283 1467 2361; baseline 0.002 -25"><span class='ocrx_word' id='word_1_126' title='bbox 439 2283 572 2351; x_wconf 81' lang='lat'>280,</span> <span class='ocrx_word' id='word_1_127' title='bbox 599 2283 698 2338; x_wconf 81' lang='lat'><strong>562</strong></span> <span class='ocrx_word' id='word_1_128' title='bbox 719 2326 736 2355; x_wconf 87' lang='lat'>‚</span> <span class='ocrx_word' id='word_1_129' title='bbox 759 2285 880 2340; x_wconf 84' lang='lat'><strong>615.</strong></span> <span class='ocrx_word' id='word_1_130' title='bbox 911 2286 1069 2339; x_wconf 80' lang='lat' dir='ltr'><strong>Multi</strong></span> <span class='ocrx_word' id='word_1_131' title='bbox 1103 2287 1272 2340; x_wconf 87' lang='lat' dir='ltr'><strong>multa</strong></span> <span class='ocrx_word' id='word_1_132' title='bbox 1303 2285 1467 2361; x_wconf 87' lang='lat' dir='ltr'><strong>hujus</strong></span> 
     </span>
     <span class='ocr_line' id='line_1_24' title="bbox 433 2366 1466 2439; baseline 0.001 -20"><span class='ocrx_word' id='word_1_133' title='bbox 433 2366 640 2437; x_wconf 80' lang='lat' dir='ltr'><strong>generis</strong></span> <span class='ocrx_word' id='word_1_134' title='bbox 697 2367 982 2421; x_wconf 75' lang='lat' dir='ltr'><strong>contulisse</strong></span> <span class='ocrx_word' id='word_1_135' title='bbox 1031 2379 1324 2439; x_wconf 87' lang='lat' dir='ltr'><strong>putantur;</strong></span> <span class='ocrx_word' id='word_1_136' title='bbox 1372 2366 1466 2421; x_wconf 85' lang='lat' dir='ltr'><strong>sed</strong></span> 
     </span>
     <span class='ocr_line' id='line_1_25' title="bbox 433 2443 1466 2520; baseline 0.003 -24"><span class='ocrx_word' id='word_1_137' title='bbox 433 2443 692 2519; x_wconf 78' lang='lat' dir='ltr'><strong>pleraque</strong></span> <span class='ocrx_word' id='word_1_138' title='bbox 720 2459 845 2500; x_wconf 85' lang='lat' dir='ltr'><strong>sunt</strong></span> <span class='ocrx_word' id='word_1_139' title='bbox 877 2446 1155 2520; x_wconf 81' lang='lat' dir='ltr'><strong>adjectiva.</strong></span> <span class='ocrx_word' id='word_1_140' title='bbox 1189 2445 1358 2500; x_wconf 77' lang='lat' dir='ltr'><strong>Sena.</strong></span> <span class='ocrx_word' id='word_1_141' title='bbox 1395 2477 1466 2488; x_wconf 91' lang='lat'>—</span> 
     </span>
     <span class='ocr_line' id='line_1_26' title="bbox 441 2524 1468 2598; baseline 0.004 -23"><span class='ocrx_word' id='word_1_142' title='bbox 441 2528 603 2577; x_wconf 77' lang='lat' dir='ltr'><strong>Tellus</strong></span> <span class='ocrx_word' id='word_1_143' title='bbox 630 2530 837 2593; x_wconf 81' lang='lat' dir='ltr'><strong>Europa</strong></span> <span class='ocrx_word' id='word_1_144' title='bbox 869 2527 1115 2598; x_wconf 84' lang='lat' dir='ltr'><strong>antique,</strong></span> <span class='ocrx_word' id='word_1_145' title='bbox 1149 2538 1208 2580; x_wconf 87' lang='lat' dir='ltr'><strong>ut</strong></span> <span class='ocrx_word' id='word_1_146' title='bbox 1235 2553 1260 2572; x_wconf 76' lang='lat'><strong>‹-</strong></span> <span class='ocrx_word' id='word_1_147' title='bbox 1284 2524 1468 2579; x_wconf 76' lang='lat' dir='ltr'><strong>Africa</strong></span> 
     </span>
     <span class='ocr_line' id='line_1_27' title="bbox 435 2604 1470 2678; baseline 0.001 -22"><span class='ocrx_word' id='word_1_148' title='bbox 435 2614 574 2657; x_wconf 85' lang='lat' dir='ltr'><strong>terra</strong></span> <span class='ocrx_word' id='word_1_149' title='bbox 592 2630 618 2651; x_wconf 72' lang='lat' dir='ltr'><strong>a</strong></span> <span class='ocrx_word' id='word_1_150' title='bbox 648 2604 800 2678; x_wconf 84' lang='lat' dir='ltr'><strong>Virg.</strong></span> <span class='ocrx_word' id='word_1_151' title='bbox 828 2606 1040 2659; x_wconf 84' lang='lat' dir='ltr'><strong>AEneid.</strong></span> <span class='ocrx_word' id='word_1_152' title='bbox 1063 2606 1164 2671; x_wconf 78' lang='lat' dir='ltr'><strong>lv,</strong></span> <span class='ocrx_word' id='word_1_153' title='bbox 1202 2624 1279 2659; x_wconf 79' lang='lat' dir='ltr'><strong>vs.</strong></span> <span class='ocrx_word' id='word_1_154' title='bbox 1310 2606 1397 2676; x_wconf 88' lang='grc'><strong>37,</strong></span> <span class='ocrx_word' id='word_1_155' title='bbox 1416 2618 1470 2659; x_wconf 88' lang='lat' dir='ltr'><strong>et</strong></span> 
     </span>
     <span class='ocr_line' id='line_1_28' title="bbox 437 2684 1467 2759; baseline -0.001 -22"><span class='ocrx_word' id='word_1_156' title='bbox 437 2710 462 2728; x_wconf 76' lang='lat' dir='ltr'>u</span> <span class='ocrx_word' id='word_1_157' title='bbox 483 2684 782 2759; x_wconf 74' lang='lat' dir='ltr'><strong>Campania</strong></span> <span class='ocrx_word' id='word_1_158' title='bbox 806 2696 991 2739; x_wconf 76' lang='lat' dir='ltr'><strong>terra»</strong></span> <span class='ocrx_word' id='word_1_159' title='bbox 1025 2685 1230 2739; x_wconf 85' lang='lat' dir='ltr'><strong>Tibull.</strong></span> <span class='ocrx_word' id='word_1_160' title='bbox 1267 2684 1326 2749; x_wconf 87' lang='lat'><strong>1,</strong></span> <span class='ocrx_word' id='word_1_161' title='bbox 1373 2702 1467 2751; x_wconf 82' lang='grc' dir='ltr'><strong>ιο,</strong></span> 
     </span>
     <span class='ocr_line' id='line_1_29' title="bbox 439 2763 1473 2840; baseline -0.003 -23"><span class='ocrx_word' id='word_1_162' title='bbox 439 2764 522 2835; x_wconf 84' lang='grc'><strong>37.</strong></span> <span class='ocrx_word' id='word_1_163' title='bbox 547 2764 708 2819; x_wconf 87' lang='lat' dir='ltr'><strong>Plura</strong></span> <span class='ocrx_word' id='word_1_164' title='bbox 727 2764 963 2840; x_wconf 85' lang='lat' dir='ltr'><strong>exempla</strong></span> <span class='ocrx_word' id='word_1_165' title='bbox 988 2763 1240 2838; x_wconf 80' lang='lat' dir='ltr'><strong>producit</strong></span> <span class='ocrx_word' id='word_1_166' title='bbox 1257 2763 1473 2817; x_wconf 85' lang='lat' dir='ltr'><strong>Colum-</strong></span> 
     </span>
     <span class='ocr_line' id='line_1_30' title="bbox 437 2844 1469 2919; baseline 0 -22"><span class='ocrx_word' id='word_1_167' title='bbox 437 2862 510 2898; x_wconf 90' lang='lat' dir='ltr'><strong>na</strong></span> <span class='ocrx_word' id='word_1_168' title='bbox 536 2844 608 2898; x_wconf 89' lang='lat' dir='ltr'><strong>ad</strong></span> <span class='ocrx_word' id='word_1_169' title='bbox 641 2845 855 2919; x_wconf 86' lang='lat' dir='ltr'><strong>Fragm.</strong></span> <span class='ocrx_word' id='word_1_170' title='bbox 895 2846 1031 2899; x_wconf 86' lang='lat' dir='ltr'><strong>Eun.</strong></span> <span class='ocrx_word' id='word_1_171' title='bbox 1059 2862 1180 2919; x_wconf 83' lang='lat' dir='ltr'><strong>pag.</strong></span> <span class='ocrx_word' id='word_1_172' title='bbox 1214 2844 1310 2897; x_wconf 89' lang='lat'><strong>188</strong></span> <span class='ocrx_word' id='word_1_173' title='bbox 1340 2844 1469 2897; x_wconf 84' lang='lat' dir='ltr'><strong>Hes·</strong></span> 
     </span>
    </p>
   </div>
   <div class='ocr_carea' id='block_1_5' title="bbox 511 3003 1471 3076">
    <p class='ocr_par' dir='ltr' id='par_1_8' title="bbox 511 3003 1471 3076">
     <span class='ocr_line' id='line_1_31' title="bbox 511 3003 1471 3076; baseline 0 -19"><span class='ocrx_word' id='word_1_174' title='bbox 511 3012 542 3069; x_wconf 73' lang='grc'><em>4</em></span> <span class='ocrx_word' id='word_1_175' title='bbox 551 3026 572 3057; x_wconf 88' lang='grc'>1</span> <span class='ocrx_word' id='word_1_176' title='bbox 582 3005 613 3059; x_wconf 80' lang='lat'>5</span> <span class='ocrx_word' id='word_1_177' title='bbox 621 3046 636 3059; x_wconf 90' lang='lat'><em>.</em></span> <span class='ocrx_word' id='word_1_178' title='bbox 657 3009 1022 3076; x_wconf 73' lang='lat' dir='ltr'><strong>Magnanimos.</strong></span> <span class='ocrx_word' id='word_1_179' title='bbox 1035 3003 1288 3059; x_wconf 86' lang='lat' dir='ltr'><strong>Fideliter</strong></span> <span class='ocrx_word' id='word_1_180' title='bbox 1303 3005 1471 3075; x_wconf 85' lang='lat' dir='ltr'><strong>expri-</strong></span> 
     </span>
    </p>
   </div>
   <div class='ocr_carea' id='block_1_6' title="bbox 437 3080 1478 3159">
    <p class='ocr_par' dir='ltr' id='par_1_9' title="bbox 437 3080 1478 3159">
     <span class='ocr_line' id='line_1_32' title="bbox 437 3080 1478 3159; baseline 0.001 -20"><span class='ocrx_word' id='word_1_181' title='bbox 437 3086 533 3139; x_wconf 86' lang='lat' dir='ltr'><strong>mit</strong></span> <span class='ocrx_word' id='word_1_182' title='bbox 552 3086 867 3159; x_wconf 84' lang='lat' dir='ltr'><strong>Dionysium</strong></span> <span class='ocrx_word' id='word_1_183' title='bbox 889 3106 902 3138; x_wconf 73' lang='grc' dir='ltr'><strong><em>ε</em></strong></span> <span class='ocrx_word' id='word_1_184' title='bbox 929 3080 1094 3159; x_wconf 72' lang='grc' dir='ltr'><strong>Ᾰγχοῢ</strong></span> <span class='ocrx_word' id='word_1_185' title='bbox 1113 3086 1367 3152; x_wconf 55' lang='lat' dir='ltr'><strong>araxim,</strong></span> <span class='ocrx_word' id='word_1_186' title='bbox 1387 3107 1478 3157; x_wconf 73' lang='grc' dir='ltr'><strong>με·</strong></span> 
     </span>
    </p>
   </div>
   <div class='ocr_carea' id='block_1_7' title="bbox 436 3151 1479 4190">
    <p class='ocr_par' dir='ltr' id='par_1_10' title="bbox 436 3151 1476 3960">
     <span class='ocr_line' id='line_1_33' title="bbox 436 3151 1470 3241; baseline -0.004 -20"><span class='ocrx_word' id='word_1_187' title='bbox 436 3170 671 3239; x_wconf 77' lang='grc' dir='ltr'><strong>γαθῦμων</strong></span> <span class='ocrx_word' id='word_1_188' title='bbox 695 3172 824 3229; x_wconf 61' lang='lat' dir='ltr'><strong>{evoe</strong></span> <span class='ocrx_word' id='word_1_189' title='bbox 853 3151 1064 3241; x_wconf 64' lang='lat' dir='ltr'><strong>ievzpm.</strong></span> <span class='ocrx_word' id='word_1_190' title='bbox 1089 3165 1350 3219; x_wconf 72' lang='lat' dir='ltr'><strong>Caeterum</strong></span> <span class='ocrx_word' id='word_1_191' title='bbox 1374 3184 1470 3217; x_wconf 90' lang='lat' dir='ltr'><strong>no·</strong></span> 
     </span>
     <span class='ocr_line' id='line_1_34' title="bbox 438 3242 1470 3317; baseline 0.001 -21"><span class='ocrx_word' id='word_1_192' title='bbox 438 3242 665 3297; x_wconf 85' lang='lat' dir='ltr'><strong>tandum</strong></span> <span class='ocrx_word' id='word_1_193' title='bbox 703 3257 782 3299; x_wconf 84' lang='lat' dir='ltr'><strong>est</strong></span> <span class='ocrx_word' id='word_1_194' title='bbox 815 3244 1102 3317; x_wconf 76' lang='lat' dir='ltr'><strong>plerosque</strong></span> <span class='ocrx_word' id='word_1_195' title='bbox 1124 3243 1470 3316; x_wconf 87' lang='lat' dir='ltr'><strong>Geographos</strong></span> 
     </span>
     <span class='ocr_line' id='line_1_35' title="bbox 440 3323 1474 3397; baseline 0 -22"><span class='ocrx_word' id='word_1_196' title='bbox 440 3324 670 3397; x_wconf 65' lang='lat' dir='ltr'><strong>Europa</strong></span> <span class='ocrx_word' id='word_1_197' title='bbox 697 3324 1107 3397; x_wconf 71' lang='lat' dir='ltr'><strong>descriptionem</strong></span> <span class='ocrx_word' id='word_1_198' title='bbox 1131 3324 1200 3377; x_wconf 84' lang='lat' dir='ltr'><strong>ab</strong></span> <span class='ocrx_word' id='word_1_199' title='bbox 1219 3323 1474 3397; x_wconf 76' lang='lat' dir='ltr'><strong>Hispania</strong></span> 
     </span>
     <span class='ocr_line' id='line_1_36' title="bbox 439 3402 1471 3475; baseline -0.001 -18"><span class='ocrx_word' id='word_1_200' title='bbox 439 3402 628 3459; x_wconf 85' lang='lat' dir='ltr'><strong>ordiri.</strong></span> <span class='ocrx_word' id='word_1_201' title='bbox 675 3406 754 3457; x_wconf 87' lang='lat' dir='ltr'><strong>Ita</strong></span> <span class='ocrx_word' id='word_1_202' title='bbox 783 3404 995 3457; x_wconf 83' lang='lat' dir='ltr'><strong>Cluver.</strong></span> <span class='ocrx_word' id='word_1_203' title='bbox 1029 3402 1237 3457; x_wconf 86' lang='lat' dir='ltr'><strong>Introd.</strong></span> <span class='ocrx_word' id='word_1_204' title='bbox 1271 3402 1471 3475; x_wconf 84' lang='lat' dir='ltr'><strong>Geogr.</strong></span> 
     </span>
     <span class='ocr_line' id='line_1_37' title="bbox 441 3482 1476 3559; baseline 0 -23"><span class='ocrx_word' id='word_1_205' title='bbox 441 3485 624 3549; x_wconf 78' lang='lat' dir='ltr'><strong>lib.11‚</strong></span> <span class='ocrx_word' id='word_1_206' title='bbox 641 3504 760 3559; x_wconf 87' lang='lat' dir='ltr'><strong>cap.</strong></span> <span class='ocrx_word' id='word_1_207' title='bbox 788 3501 841 3537; x_wconf 78' lang='lat' dir='ltr'><strong>a:</strong></span> <span class='ocrx_word' id='word_1_208' title='bbox 873 3508 896 3531; x_wconf 82' lang='grc' dir='ltr'><strong>ιι</strong></span> <span class='ocrx_word' id='word_1_209' title='bbox 920 3482 1098 3537; x_wconf 78' lang='lat' dir='ltr'><strong>Prima</strong></span> <span class='ocrx_word' id='word_1_210' title='bbox 1113 3494 1379 3538; x_wconf 87' lang='lat' dir='ltr'><strong>terrarum</strong></span> <span class='ocrx_word' id='word_1_211' title='bbox 1397 3495 1476 3537; x_wconf 85' lang='lat' dir='ltr'><strong>est</strong></span> 
     </span>
     <span class='ocr_line' id='line_1_38' title="bbox 439 3564 1470 3639; baseline 0 -20"><span class='ocrx_word' id='word_1_212' title='bbox 439 3564 728 3639; x_wconf 74' lang='lat' dir='ltr'><strong>Hispania:</strong></span> <span class='ocrx_word' id='word_1_213' title='bbox 755 3564 910 3619; x_wconf 81' lang='lat' dir='ltr'><strong>altrix</strong></span> <span class='ocrx_word' id='word_1_214' title='bbox 931 3582 1141 3637; x_wconf 87' lang='lat' dir='ltr'><strong>semper</strong></span> <span class='ocrx_word' id='word_1_215' title='bbox 1155 3564 1470 3621; x_wconf 76' lang='lat' dir='ltr'><strong>Martiarum</strong></span> 
     </span>
     <span class='ocr_line' id='line_1_39' title="bbox 437 3644 1471 3719; baseline -0.003 -20"><span class='ocrx_word' id='word_1_216' title='bbox 437 3646 679 3717; x_wconf 84' lang='lat' dir='ltr'><strong>gentium</strong></span> <span class='ocrx_word' id='word_1_217' title='bbox 705 3646 850 3719; x_wconf 81' lang='lat' dir='ltr'><strong>regio</strong></span> <span class='ocrx_word' id='word_1_218' title='bbox 865 3687 884 3713; x_wconf 85' lang='lat'>‚</span> <span class='ocrx_word' id='word_1_219' title='bbox 907 3655 1007 3698; x_wconf 91' lang='lat' dir='ltr'><strong>etc.</strong></span> <span class='ocrx_word' id='word_1_220' title='bbox 1033 3669 1056 3691; x_wconf 72' lang='grc' dir='ltr'>ι</span> <span class='ocrx_word' id='word_1_221' title='bbox 1087 3644 1190 3697; x_wconf 84' lang='lat' dir='ltr'><strong>En.</strong></span> <span class='ocrx_word' id='word_1_222' title='bbox 1213 3676 1287 3685; x_wconf 94' lang='lat'>—</span> <span class='ocrx_word' id='word_1_223' title='bbox 1307 3648 1471 3713; x_wconf 79' lang='lat' dir='ltr'><strong>AEquo</strong></span> 
     </span>
     <span class='ocr_line' id='line_1_40' title="bbox 439 3724 1469 3797; baseline 0 -20"><span class='ocrx_word' id='word_1_224' title='bbox 439 3730 642 3795; x_wconf 75' lang='lat' dir='ltr'><strong>cespite,</strong></span> <span class='ocrx_word' id='word_1_225' title='bbox 669 3727 728 3783; x_wconf 91' lang='lat' dir='ltr'><strong>h.</strong></span> <span class='ocrx_word' id='word_1_226' title='bbox 749 3745 795 3780; x_wconf 86' lang='lat' dir='ltr'><strong>e.</strong></span> <span class='ocrx_word' id='word_1_227' title='bbox 811 3725 1002 3793; x_wconf 80' lang='lat' dir='ltr'><strong>feraci,</strong></span> <span class='ocrx_word' id='word_1_228' title='bbox 1027 3724 1193 3787; x_wconf 87' lang='lat' dir='ltr'><strong>facili,</strong></span> <span class='ocrx_word' id='word_1_229' title='bbox 1217 3724 1469 3797; x_wconf 84' lang='lat' dir='ltr'><strong>benigno.</strong></span> 
     </span>
     <span class='ocr_line' id='line_1_41' title="bbox 440 3804 1473 3877; baseline -0.001 -19"><span class='ocrx_word' id='word_1_230' title='bbox 440 3810 636 3871; x_wconf 81' lang='lat' dir='ltr'><strong>Contra</strong></span> <span class='ocrx_word' id='word_1_231' title='bbox 665 3825 740 3859; x_wconf 82' lang='lat' dir='ltr'><strong>vs.</strong></span> <span class='ocrx_word' id='word_1_232' title='bbox 762 3805 889 3860; x_wconf 84' lang='lat'><strong>503:</strong></span> <span class='ocrx_word' id='word_1_233' title='bbox 921 3830 943 3851; x_wconf 78' lang='grc' dir='ltr'>ι</span> <span class='ocrx_word' id='word_1_234' title='bbox 977 3822 1200 3877; x_wconf 87' lang='lat' dir='ltr'><strong>scrupus</strong></span> <span class='ocrx_word' id='word_1_235' title='bbox 1225 3804 1336 3857; x_wconf 82' lang='lat' dir='ltr'><strong>sola</strong></span> <span class='ocrx_word' id='word_1_236' title='bbox 1362 3823 1473 3859; x_wconf 89' lang='lat' dir='ltr'><strong>cre-</strong></span> 
     </span>
     <span class='ocr_line' id='line_1_42' title="bbox 440 3882 1240 3960; baseline -0.003 -21"><span class='ocrx_word' id='word_1_237' title='bbox 440 3884 535 3939; x_wconf 81' lang='lat' dir='ltr'><strong>ber</strong></span> <span class='ocrx_word' id='word_1_238' title='bbox 559 3884 746 3957; x_wconf 84' lang='lat' dir='ltr'><strong>iniqua</strong></span> <span class='ocrx_word' id='word_1_239' title='bbox 770 3886 1050 3960; x_wconf 75' lang='lat' dir='ltr'><strong>Asperat».</strong></span> <span class='ocrx_word' id='word_1_240' title='bbox 1077 3882 1240 3937; x_wconf 71' lang='lat' dir='ltr'><strong>Scau.</strong></span> 
     </span>
    </p>

    <p class='ocr_par' dir='ltr' id='par_1_11' title="bbox 440 3962 1479 4190">
     <span class='ocr_line' id='line_1_43' title="bbox 511 3962 1474 4033; baseline -0.001 -17"><span class='ocrx_word' id='word_1_241' title='bbox 511 3968 634 4030; x_wconf 73' lang='grc'><strong>416.</strong></span> <span class='ocrx_word' id='word_1_242' title='bbox 657 3968 726 4017; x_wconf 80' lang='lat'><em>111·</em></span> <span class='ocrx_word' id='word_1_243' title='bbox 748 3986 894 4033; x_wconf 77' lang='lat' dir='ltr'><strong>super</strong></span> <span class='ocrx_word' id='word_1_244' title='bbox 921 3968 1110 4017; x_wconf 73' lang='lat' dir='ltr'><strong>Oceani</strong></span> <span class='ocrx_word' id='word_1_245' title='bbox 1127 3967 1336 4016; x_wconf 74' lang='lat' dir='ltr'><strong>borealis</strong></span> <span class='ocrx_word' id='word_1_246' title='bbox 1352 3984 1371 4015; x_wconf 92' lang='lat'><strong>.·</strong></span> <span class='ocrx_word' id='word_1_247' title='bbox 1398 3962 1474 4017; x_wconf 84' lang='lat' dir='ltr'><strong>sic</strong></span> 
     </span>
     <span class='ocr_line' id='line_1_44' title="bbox 440 4042 1479 4117; baseline -0.004 -19"><span class='ocrx_word' id='word_1_248' title='bbox 440 4046 603 4117; x_wconf 67' lang='lat' dir='ltr'><strong>Cussp.</strong></span> <span class='ocrx_word' id='word_1_249' title='bbox 635 4044 774 4097; x_wconf 87' lang='lat' dir='ltr'><strong>Pith.</strong></span> <span class='ocrx_word' id='word_1_250' title='bbox 806 4058 858 4097; x_wconf 74' lang='lat' dir='ltr'><strong>et</strong></span> <span class='ocrx_word' id='word_1_251' title='bbox 888 4045 975 4099; x_wconf 75' lang='lat' dir='ltr'><strong>alii</strong></span> <span class='ocrx_word' id='word_1_252' title='bbox 1002 4064 1015 4098; x_wconf 75' lang='lat'>2</span> <span class='ocrx_word' id='word_1_253' title='bbox 1043 4044 1138 4100; x_wconf 78' lang='lat' dir='ltr'><strong>sed</strong></span> <span class='ocrx_word' id='word_1_254' title='bbox 1164 4042 1306 4097; x_wconf 76' lang='lat' dir='ltr'><strong>Vad.</strong></span> <span class='ocrx_word' id='word_1_255' title='bbox 1334 4065 1479 4113; x_wconf 80' lang='lat' dir='ltr'><strong>super</strong></span> 
     </span>
     <span class='ocr_line' id='line_1_45' title="bbox 447 4124 1478 4190; baseline -0.002 -11"><span class='ocrx_word' id='word_1_256' title='bbox 447 4132 696 4179; x_wconf 75' lang='lat' dir='ltr'><strong>Oceanum</strong></span> <span class='ocrx_word' id='word_1_257' title='bbox 742 4130 984 4179; x_wconf 79' lang='lat' dir='ltr'><strong>borealem</strong></span> <span class='ocrx_word' id='word_1_258' title='bbox 1011 4168 1028 4190; x_wconf 91' lang='lat'><em>‚</em></span> <span class='ocrx_word' id='word_1_259' title='bbox 1087 4138 1137 4179; x_wconf 86' lang='lat' dir='ltr'><strong>et</strong></span> <span class='ocrx_word' id='word_1_260' title='bbox 1186 4124 1478 4181; x_wconf 79' lang='lat' dir='ltr'><strong>Hudsonus</strong></span> 
     </span>
    </p>
   </div>
   <div class='ocr_carea' id='block_1_8' title="bbox 1551 1014 2599 4181">
    <p class='ocr_par' dir='ltr' id='par_1_12' title="bbox 1551 1014 2587 1726">
     <span class='ocr_line' id='line_1_46' title="bbox 1552 1014 2586 1083; baseline 0.001 -19"><span class='ocrx_word' id='word_1_261' title='bbox 1552 1014 1738 1083; x_wconf 62' lang='lat' dir='ltr'><strong>querit</strong></span> <span class='ocrx_word' id='word_1_262' title='bbox 1767 1031 1779 1065; x_wconf 73' lang='grc' dir='ltr'><em>τ</em></span> <span class='ocrx_word' id='word_1_263' title='bbox 1828 1016 1911 1064; x_wconf 78' lang='lat' dir='ltr'><strong>Au</strong></span> <span class='ocrx_word' id='word_1_264' title='bbox 1936 1033 2083 1079; x_wconf 79' lang='lat' dir='ltr'><strong>saper</strong></span> <span class='ocrx_word' id='word_1_265' title='bbox 2118 1017 2314 1063; x_wconf 81' lang='lat' dir='ltr'><strong>Oceano</strong></span> <span class='ocrx_word' id='word_1_266' title='bbox 2354 1016 2543 1065; x_wconf 80' lang='lat' dir='ltr'><strong>boreali</strong></span> <span class='ocrx_word' id='word_1_267' title='bbox 2560 1026 2586 1064; x_wconf 75' lang='lat'><strong>,²</strong></span> 
     </span>
     <span class='ocr_line' id='line_1_47' title="bbox 1554 1089 2582 1164; baseline 0 -20"><span class='ocrx_word' id='word_1_268' title='bbox 1554 1091 1675 1144; x_wconf 84' lang='lat' dir='ltr'><strong>Viri</strong></span> <span class='ocrx_word' id='word_1_269' title='bbox 1704 1091 1763 1144; x_wconf 82' lang='lat' dir='ltr'><strong>hi</strong></span> <span class='ocrx_word' id='word_1_270' title='bbox 1791 1089 2001 1164; x_wconf 82' lang='lat' dir='ltr'><strong>decepti</strong></span> <span class='ocrx_word' id='word_1_271' title='bbox 2026 1103 2152 1145; x_wconf 86' lang='lat' dir='ltr'><strong>sunt</strong></span> <span class='ocrx_word' id='word_1_272' title='bbox 2189 1090 2379 1145; x_wconf 83' lang='lat' dir='ltr'><strong>vocula</strong></span> <span class='ocrx_word' id='word_1_273' title='bbox 2408 1113 2582 1162; x_wconf 76' lang='lat' dir='ltr'><strong>super,</strong></span> 
     </span>
     <span class='ocr_line' id='line_1_48' title="bbox 1551 1171 2587 1246; baseline -0.001 -19"><span class='ocrx_word' id='word_1_274' title='bbox 1551 1192 1714 1246; x_wconf 84' lang='lat' dir='ltr'><strong>quam</strong></span> <span class='ocrx_word' id='word_1_275' title='bbox 1738 1192 1838 1245; x_wconf 86' lang='lat' dir='ltr'><strong>pro</strong></span> <span class='ocrx_word' id='word_1_276' title='bbox 1856 1171 2227 1244; x_wconf 73' lang='lat' dir='ltr'><strong>praepositione</strong></span> <span class='ocrx_word' id='word_1_277' title='bbox 2246 1188 2587 1246; x_wconf 82' lang='lat' dir='ltr'><strong>acceperunt,</strong></span> 
     </span>
     <span class='ocr_line' id='line_1_49' title="bbox 1552 1251 2585 1326; baseline 0.003 -20"><span class='ocrx_word' id='word_1_278' title='bbox 1552 1271 1723 1326; x_wconf 87' lang='lat' dir='ltr'><strong>quum</strong></span> <span class='ocrx_word' id='word_1_279' title='bbox 1751 1251 2066 1308; x_wconf 78' lang='lat' dir='ltr'><strong>adverbium</strong></span> <span class='ocrx_word' id='word_1_280' title='bbox 2084 1252 2175 1318; x_wconf 88' lang='lat' dir='ltr'><strong>sit,</strong></span> <span class='ocrx_word' id='word_1_281' title='bbox 2198 1265 2249 1308; x_wconf 85' lang='lat' dir='ltr'><strong>et</strong></span> <span class='ocrx_word' id='word_1_282' title='bbox 2265 1274 2411 1322; x_wconf 82' lang='lat' dir='ltr'><strong>super</strong></span> <span class='ocrx_word' id='word_1_283' title='bbox 2428 1254 2585 1309; x_wconf 79' lang='lat' dir='ltr'><strong>Avie-</strong></span> 
     </span>
     <span class='ocr_line' id='line_1_50' title="bbox 1554 1332 2587 1406; baseline 0.001 -19"><span class='ocrx_word' id='word_1_284' title='bbox 1554 1353 1625 1388; x_wconf 88' lang='lat' dir='ltr'><strong>no</strong></span> <span class='ocrx_word' id='word_1_285' title='bbox 1650 1352 1789 1406; x_wconf 73' lang='lat' dir='ltr'><strong>saepe</strong></span> <span class='ocrx_word' id='word_1_286' title='bbox 1822 1345 2111 1406; x_wconf 72' lang='lat' dir='ltr'><strong>usurpetur</strong></span> <span class='ocrx_word' id='word_1_287' title='bbox 2143 1332 2211 1387; x_wconf 90' lang='lat' dir='ltr'><strong>de</strong></span> <span class='ocrx_word' id='word_1_288' title='bbox 2244 1333 2373 1386; x_wconf 83' lang='lat' dir='ltr'><strong>locis</strong></span> <span class='ocrx_word' id='word_1_289' title='bbox 2408 1354 2587 1390; x_wconf 83' lang='lat' dir='ltr'><strong>versus</strong></span> 
     </span>
     <span class='ocr_line' id='line_1_51' title="bbox 1552 1410 2587 1488; baseline 0.003 -22"><span class='ocrx_word' id='word_1_290' title='bbox 1552 1413 1995 1488; x_wconf 81' lang='lat' dir='ltr'><strong>septemtrionem</strong></span> <span class='ocrx_word' id='word_1_291' title='bbox 2038 1410 2179 1477; x_wconf 82' lang='lat' dir='ltr'><strong>sitis,</strong></span> <span class='ocrx_word' id='word_1_292' title='bbox 2234 1425 2297 1465; x_wconf 82' lang='lat' dir='ltr'><strong>ut</strong></span> <span class='ocrx_word' id='word_1_293' title='bbox 2332 1433 2411 1468; x_wconf 84' lang='lat' dir='ltr'><strong>vs.</strong></span> <span class='ocrx_word' id='word_1_294' title='bbox 2458 1423 2587 1485; x_wconf 71' lang='lat'><strong>249,</strong></span> 
     </span>
     <span class='ocr_line' id='line_1_52' title="bbox 1557 1492 2583 1564; baseline 0 -16"><span class='ocrx_word' id='word_1_295' title='bbox 1557 1495 1692 1559; x_wconf 76' lang='lat'><strong>480,</strong></span> <span class='ocrx_word' id='word_1_296' title='bbox 1726 1492 1877 1562; x_wconf 83' lang='lat'>1289.</span> <span class='ocrx_word' id='word_1_297' title='bbox 1904 1493 2073 1563; x_wconf 86' lang='lat' dir='ltr'><strong>Supra</strong></span> <span class='ocrx_word' id='word_1_298' title='bbox 2098 1511 2255 1545; x_wconf 76' lang='lat' dir='ltr'><strong>versu</strong></span> <span class='ocrx_word' id='word_1_299' title='bbox 2278 1513 2378 1564; x_wconf 86' lang='lat'><strong>²90</strong></span> <span class='ocrx_word' id='word_1_300' title='bbox 2399 1495 2583 1548; x_wconf 85' lang='lat' dir='ltr'><strong>eadem</strong></span> 
     </span>
     <span class='ocr_line' id='line_1_53' title="bbox 1554 1573 2583 1640; baseline 0.002 -12"><span class='ocrx_word' id='word_1_301' title='bbox 1554 1573 1718 1630; x_wconf 87' lang='lat' dir='ltr'><strong>dictio</strong></span> <span class='ocrx_word' id='word_1_302' title='bbox 1736 1614 1753 1640; x_wconf 87' lang='lat'><strong>,</strong></span> <span class='ocrx_word' id='word_1_303' title='bbox 1782 1573 2019 1626; x_wconf 68' lang='lat' dir='ltr'><strong>«Oceani</strong></span> <span class='ocrx_word' id='word_1_304' title='bbox 2042 1573 2286 1628; x_wconf 75' lang='lat' dir='ltr'><strong>ausu-alis</strong></span> <span class='ocrx_word' id='word_1_305' title='bbox 2315 1574 2453 1630; x_wconf 78' lang='lat' dir='ltr'><strong>vada</strong></span> <span class='ocrx_word' id='word_1_306' title='bbox 2480 1595 2583 1630; x_wconf 68' lang='lat' dir='ltr'><strong>cai·</strong></span> 
     </span>
     <span class='ocr_line' id='line_1_54' title="bbox 1554 1656 1997 1726; baseline -0.009 -16"><span class='ocrx_word' id='word_1_307' title='bbox 1554 1656 1675 1710; x_wconf 86' lang='lat' dir='ltr'><strong>rula</strong></span> <span class='ocrx_word' id='word_1_308' title='bbox 1700 1664 1927 1726; x_wconf 82' lang='lat' dir='ltr'><strong>tangunt</strong></span> <span class='ocrx_word' id='word_1_309' title='bbox 1946 1677 1967 1698; x_wconf 77' lang='grc' dir='ltr'>ι</span> <span class='ocrx_word' id='word_1_310' title='bbox 1982 1691 1997 1706; x_wconf 90' lang='grc'><strong>.</strong></span> 
     </span>
    </p>

    <p class='ocr_par' dir='ltr' id='par_1_13' title="bbox 1554 1735 2599 4181">
     <span class='ocr_line' id='line_1_55' title="bbox 1628 1735 2588 1806; baseline -0.003 -18"><span class='ocrx_word' id='word_1_311' title='bbox 1628 1743 1747 1806; x_wconf 73' lang='grc'>417.</span> <span class='ocrx_word' id='word_1_312' title='bbox 1780 1739 2005 1804; x_wconf 73' lang='lat' dir='ltr'><strong>Tangam</strong></span> <span class='ocrx_word' id='word_1_313' title='bbox 2021 1735 2263 1800; x_wconf 84' lang='lat' dir='ltr'><strong>AEquora,</strong></span> <span class='ocrx_word' id='word_1_314' title='bbox 2294 1747 2343 1784; x_wconf 79' lang='lat' dir='ltr'><strong>ee</strong></span> <span class='ocrx_word' id='word_1_315' title='bbox 2360 1753 2588 1786; x_wconf 72' lang='lat' dir='ltr'><strong>excursu.</strong></span> 
     </span>
     <span class='ocr_line' id='line_1_56' title="bbox 1554 1809 2589 1886; baseline -0.004 -16"><span class='ocrx_word' id='word_1_316' title='bbox 1554 1817 1660 1870; x_wconf 90' lang='lat' dir='ltr'><strong>Pro</strong></span> <span class='ocrx_word' id='word_1_317' title='bbox 1689 1831 1739 1868; x_wconf 81' lang='lat' dir='ltr'><strong>ee</strong></span> <span class='ocrx_word' id='word_1_318' title='bbox 1770 1814 1891 1886; x_wconf 88' lang='lat' dir='ltr'><strong>lego</strong></span> <span class='ocrx_word' id='word_1_319' title='bbox 1930 1825 2006 1872; x_wconf 77' lang='lat' dir='ltr'><strong>nt,</strong></span> <span class='ocrx_word' id='word_1_320' title='bbox 2044 1809 2153 1864; x_wconf 90' lang='lat' dir='ltr'><strong>hoc</strong></span> <span class='ocrx_word' id='word_1_321' title='bbox 2179 1824 2285 1880; x_wconf 79' lang='lat' dir='ltr'><strong>est,</strong></span> <span class='ocrx_word' id='word_1_322' title='bbox 2313 1816 2421 1872; x_wconf 72' lang='lat' dir='ltr'><strong>ubi,</strong></span> <span class='ocrx_word' id='word_1_323' title='bbox 2464 1813 2589 1884; x_wconf 82' lang='lat' dir='ltr'><strong>quia</strong></span> 
     </span>
     <span class='ocr_line' id='line_1_57' title="bbox 1554 1887 2591 1950; baseline -0.006 0"><span class='ocrx_word' id='word_1_324' title='bbox 1554 1897 1703 1950; x_wconf 84' lang='lat' dir='ltr'><strong>locus</strong></span> <span class='ocrx_word' id='word_1_325' title='bbox 1734 1893 1887 1947; x_wconf 84' lang='lat' dir='ltr'><strong>aliter</strong></span> <span class='ocrx_word' id='word_1_326' title='bbox 1926 1907 2037 1943; x_wconf 85' lang='lat' dir='ltr'><strong>non</strong></span> <span class='ocrx_word' id='word_1_327' title='bbox 2082 1887 2331 1944; x_wconf 73' lang='lat' dir='ltr'><strong>cohaeret.</strong></span> <span class='ocrx_word' id='word_1_328' title='bbox 2370 1890 2591 1944; x_wconf 81' lang='lat' dir='ltr'><strong>Fundus</strong></span> 
     </span>
     <span class='ocr_line' id='line_1_58' title="bbox 1554 1969 2585 2042; baseline -0.006 -13"><span class='ocrx_word' id='word_1_329' title='bbox 1554 1971 1941 2030; x_wconf 73' lang='lat' dir='ltr'><strong>emendationis</strong></span> <span class='ocrx_word' id='word_1_330' title='bbox 1966 1969 2259 2042; x_wconf 79' lang='lat' dir='ltr'><strong>Dionysius</strong></span> <span class='ocrx_word' id='word_1_331' title='bbox 2282 2011 2299 2036; x_wconf 94' lang='lat'>,</span> <span class='ocrx_word' id='word_1_332' title='bbox 2344 1989 2423 2024; x_wconf 81' lang='lat' dir='ltr'><strong>vs.</strong></span> <span class='ocrx_word' id='word_1_333' title='bbox 2454 1971 2549 2023; x_wconf 77' lang='lat'><strong>281</strong></span> <span class='ocrx_word' id='word_1_334' title='bbox 2572 1997 2585 2028; x_wconf 68' lang='grc' dir='ltr'>ς</span> 
     </span>
     <span class='ocr_line' id='line_1_59' title="bbox 1564 2051 2589 2124; baseline -0.001 -19"><span class='ocrx_word' id='word_1_335' title='bbox 1564 2065 1664 2120; x_wconf 76' lang='grc' dir='ltr'><strong>Τῆς</strong></span> <span class='ocrx_word' id='word_1_336' title='bbox 1684 2058 1795 2114; x_wconf 76' lang='grc' dir='ltr'><strong>ἦτοι</strong></span> <span class='ocrx_word' id='word_1_337' title='bbox 1819 2055 2055 2124; x_wconf 70' lang='grc' dir='ltr'>πυμάτην</span> <span class='ocrx_word' id='word_1_338' title='bbox 2072 2096 2089 2122; x_wconf 74' lang='lat'>,</span> <span class='ocrx_word' id='word_1_339' title='bbox 2140 2060 2243 2104; x_wconf 88' lang='lat' dir='ltr'><strong>etc.</strong></span> <span class='ocrx_word' id='word_1_340' title='bbox 2276 2051 2589 2124; x_wconf 74' lang='lat' dir='ltr'><strong>Ignorantia</strong></span> 
     </span>
     <span class='ocr_line' id='line_1_60' title="bbox 1554 2129 2589 2210; baseline -0.007 -19"><span class='ocrx_word' id='word_1_341' title='bbox 1554 2134 1951 2210; x_wconf 82' lang='lat' dir='ltr'><strong>significationis</strong></span> <span class='ocrx_word' id='word_1_342' title='bbox 1979 2133 2207 2189; x_wconf 79' lang='lat' dir='ltr'><strong>mutavit</strong></span> <span class='ocrx_word' id='word_1_343' title='bbox 2234 2146 2289 2184; x_wconf 79' lang='lat' dir='ltr'><strong>ue</strong></span> <span class='ocrx_word' id='word_1_344' title='bbox 2310 2131 2367 2184; x_wconf 88' lang='lat' dir='ltr'><strong>in</strong></span> <span class='ocrx_word' id='word_1_345' title='bbox 2392 2146 2453 2182; x_wconf 80' lang='lat' dir='ltr'><strong>et.</strong></span> <span class='ocrx_word' id='word_1_346' title='bbox 2486 2129 2589 2184; x_wconf 86' lang='lat' dir='ltr'><strong>Sed</strong></span> 
     </span>
     <span class='ocr_line' id='line_1_61' title="bbox 1556 2210 2588 2285; baseline -0.005 -17"><span class='ocrx_word' id='word_1_347' title='bbox 1556 2215 1791 2268; x_wconf 79' lang='lat' dir='ltr'><strong>Avienus</strong></span> <span class='ocrx_word' id='word_1_348' title='bbox 1835 2232 1974 2285; x_wconf 73' lang='lat' dir='ltr'><strong>saepe</strong></span> <span class='ocrx_word' id='word_1_349' title='bbox 2023 2229 2081 2265; x_wconf 79' lang='lat' dir='ltr'><strong>ut</strong></span> <span class='ocrx_word' id='word_1_350' title='bbox 2122 2231 2224 2284; x_wconf 88' lang='lat' dir='ltr'><strong>pro</strong></span> <span class='ocrx_word' id='word_1_351' title='bbox 2264 2213 2351 2262; x_wconf 78' lang='lat' dir='ltr'><strong>ubi</strong></span> <span class='ocrx_word' id='word_1_352' title='bbox 2393 2210 2588 2282; x_wconf 83' lang='lat' dir='ltr'><strong>posuit.</strong></span> 
     </span>
     <span class='ocr_line' id='line_1_62' title="bbox 1555 2291 2587 2363; baseline -0.009 -14"><span class='ocrx_word' id='word_1_353' title='bbox 1555 2293 1740 2349; x_wconf 79' lang='lat' dir='ltr'><strong>Pham.</strong></span> <span class='ocrx_word' id='word_1_354' title='bbox 1771 2311 1847 2348; x_wconf 85' lang='lat' dir='ltr'><strong>vs.</strong></span> <span class='ocrx_word' id='word_1_355' title='bbox 1878 2299 2009 2359; x_wconf 70' lang='lat'><strong>¹4¹³</strong></span> <span class='ocrx_word' id='word_1_356' title='bbox 2048 2291 2234 2345; x_wconf 80' lang='lat' dir='ltr'><strong>«hunc</strong></span> <span class='ocrx_word' id='word_1_357' title='bbox 2260 2307 2505 2363; x_wconf 83' lang='lat' dir='ltr'><strong>quoque,</strong></span> <span class='ocrx_word' id='word_1_358' title='bbox 2528 2301 2587 2342; x_wconf 85' lang='lat' dir='ltr'><strong>nt</strong></span> 
     </span>
     <span class='ocr_line' id='line_1_63' title="bbox 1554 2369 2591 2445; baseline -0.007 -17"><span class='ocrx_word' id='word_1_359' title='bbox 1554 2385 1699 2429; x_wconf 83' lang='lat' dir='ltr'><strong>artus</strong></span> <span class='ocrx_word' id='word_1_360' title='bbox 1716 2373 1950 2445; x_wconf 79' lang='lat' dir='ltr'><strong>Longius</strong></span> <span class='ocrx_word' id='word_1_361' title='bbox 1968 2372 2227 2437; x_wconf 81' lang='lat' dir='ltr'><strong>effusum,</strong></span> <span class='ocrx_word' id='word_1_362' title='bbox 2246 2369 2477 2441; x_wconf 86' lang='lat' dir='ltr'><strong>spatiosa</strong></span> <span class='ocrx_word' id='word_1_363' title='bbox 2501 2388 2591 2421; x_wconf 79' lang='lat' dir='ltr'><strong>vo·</strong></span> 
     </span>
     <span class='ocr_line' id='line_1_64' title="bbox 1556 2448 2586 2525; baseline -0.005 -18"><span class='ocrx_word' id='word_1_364' title='bbox 1556 2454 1759 2509; x_wconf 82' lang='lat' dir='ltr'><strong>lumina</strong></span> <span class='ocrx_word' id='word_1_365' title='bbox 1768 2450 2199 2525; x_wconf 83' lang='lat' dir='ltr'><strong>tendunt-,quod</strong></span> <span class='ocrx_word' id='word_1_366' title='bbox 2212 2448 2432 2502; x_wconf 84' lang='lat' dir='ltr'><strong>Grotius</strong></span> <span class='ocrx_word' id='word_1_367' title='bbox 2450 2451 2586 2504; x_wconf 83' lang='lat' dir='ltr'><strong>male</strong></span> 
     </span>
     <span class='ocr_line' id='line_1_65' title="bbox 1555 2529 2587 2601; baseline -0.008 -13"><span class='ocrx_word' id='word_1_368' title='bbox 1555 2533 1801 2588; x_wconf 86' lang='lat' dir='ltr'><strong>mutabat</strong></span> <span class='ocrx_word' id='word_1_369' title='bbox 1826 2532 1885 2587; x_wconf 89' lang='lat' dir='ltr'><strong>in</strong></span> <span class='ocrx_word' id='word_1_370' title='bbox 1904 2536 2008 2593; x_wconf 63' lang='lat' dir='ltr'><strong>uba}</strong></span> <span class='ocrx_word' id='word_1_371' title='bbox 2030 2551 2082 2585; x_wconf 84' lang='lat' dir='ltr'><strong>v.</strong></span> <span class='ocrx_word' id='word_1_372' title='bbox 2104 2532 2209 2587; x_wconf 84' lang='lat'><strong>803</strong></span> <span class='ocrx_word' id='word_1_373' title='bbox 2230 2549 2245 2584; x_wconf 92' lang='lat'><strong>:</strong></span> <span class='ocrx_word' id='word_1_374' title='bbox 2271 2555 2295 2575; x_wconf 72' lang='grc' dir='ltr'><strong>α</strong></span> <span class='ocrx_word' id='word_1_375' title='bbox 2314 2542 2379 2582; x_wconf 86' lang='lat' dir='ltr'><strong>ut</strong></span> <span class='ocrx_word' id='word_1_376' title='bbox 2398 2529 2587 2601; x_wconf 84' lang='lat' dir='ltr'><strong>procul</strong></span> 
     </span>
     <span class='ocr_line' id='line_1_66' title="bbox 1555 2608 2589 2679; baseline -0.008 -11"><span class='ocrx_word' id='word_1_377' title='bbox 1555 2615 1645 2668; x_wconf 90' lang='lat' dir='ltr'><strong>ille</strong></span> <span class='ocrx_word' id='word_1_378' title='bbox 1680 2611 1949 2667; x_wconf 84' lang='lat' dir='ltr'><strong>Tenditur</strong></span> <span class='ocrx_word' id='word_1_379' title='bbox 1986 2610 2145 2665; x_wconf 82' lang='lat' dir='ltr'><strong>effusi</strong></span> <span class='ocrx_word' id='word_1_380' title='bbox 2180 2608 2237 2663; x_wconf 79' lang='lat' dir='ltr'><strong>vi</strong></span> <span class='ocrx_word' id='word_1_381' title='bbox 2278 2608 2503 2679; x_wconf 80' lang='lat' dir='ltr'><strong>gurgitis</strong></span> <span class='ocrx_word' id='word_1_382' title='bbox 2534 2634 2589 2671; x_wconf 74' lang='grc' dir='ltr'><strong>ι,</strong></span> 
     </span>
     <span class='ocr_line' id='line_1_67' title="bbox 1559 2689 2591 2763; baseline -0.01 -15"><span class='ocrx_word' id='word_1_383' title='bbox 1559 2694 1651 2748; x_wconf 87' lang='lat' dir='ltr'><strong>ubi</strong></span> <span class='ocrx_word' id='word_1_384' title='bbox 1694 2692 1837 2747; x_wconf 86' lang='lat' dir='ltr'><strong>idem</strong></span> <span class='ocrx_word' id='word_1_385' title='bbox 1875 2692 2114 2763; x_wconf 77' lang='lat' dir='ltr'><strong>ingerere</strong></span> <span class='ocrx_word' id='word_1_386' title='bbox 2159 2689 2455 2743; x_wconf 86' lang='lat' dir='ltr'><strong>conabatur</strong></span> <span class='ocrx_word' id='word_1_387' title='bbox 2498 2690 2591 2740; x_wconf 74' lang='lat' dir='ltr'><strong>hic.</strong></span> 
     </span>
     <span class='ocr_line' id='line_1_68' title="bbox 1558 2766 2589 2827; baseline -0.005 -3"><span class='ocrx_word' id='word_1_388' title='bbox 1558 2774 1654 2827; x_wconf 85' lang='lat' dir='ltr'><strong>Vs.</strong></span> <span class='ocrx_word' id='word_1_389' title='bbox 1673 2772 1803 2826; x_wconf 87' lang='lat'><strong>650:</strong></span> <span class='ocrx_word' id='word_1_390' title='bbox 1833 2798 1859 2819; x_wconf 80' lang='grc' dir='ltr'><strong>ιι</strong></span> <span class='ocrx_word' id='word_1_391' title='bbox 1884 2772 2033 2823; x_wconf 88' lang='lat' dir='ltr'><strong>Imus</strong></span> <span class='ocrx_word' id='word_1_392' title='bbox 2054 2782 2115 2823; x_wconf 86' lang='lat' dir='ltr'><strong>ut</strong></span> <span class='ocrx_word' id='word_1_393' title='bbox 2133 2768 2351 2827; x_wconf 67' lang='lat' dir='ltr'><strong>australi</strong></span> <span class='ocrx_word' id='word_1_394' title='bbox 2371 2766 2589 2821; x_wconf 84' lang='lat' dir='ltr'><strong>descen·</strong></span> 
     </span>
     <span class='ocr_line' id='line_1_69' title="bbox 1559 2847 2591 2921; baseline -0.009 -14"><span class='ocrx_word' id='word_1_395' title='bbox 1559 2853 1639 2907; x_wconf 89' lang='lat' dir='ltr'><strong>dit</strong></span> <span class='ocrx_word' id='word_1_396' title='bbox 1663 2852 1894 2906; x_wconf 84' lang='lat' dir='ltr'><strong>circulus</strong></span> <span class='ocrx_word' id='word_1_397' title='bbox 1918 2869 2013 2905; x_wconf 82' lang='lat' dir='ltr'><strong>axe</strong></span> <span class='ocrx_word' id='word_1_398' title='bbox 2030 2848 2259 2921; x_wconf 75' lang='lat' dir='ltr'><strong>Signifer</strong></span> <span class='ocrx_word' id='word_1_399' title='bbox 2283 2866 2451 2920; x_wconf 80' lang='lat' dir='ltr'><strong>·,quo</strong></span> <span class='ocrx_word' id='word_1_400' title='bbox 2472 2847 2591 2899; x_wconf 90' lang='lat' dir='ltr'><strong>loco</strong></span> 
     </span>
     <span class='ocr_line' id='line_1_70' title="bbox 1560 2926 2591 3003; baseline -0.01 -16"><span class='ocrx_word' id='word_1_401' title='bbox 1560 2931 1705 2987; x_wconf 88' lang='lat' dir='ltr'><strong>idem</strong></span> <span class='ocrx_word' id='word_1_402' title='bbox 1730 2948 1743 2984; x_wconf 91' lang='lat'>:</span> <span class='ocrx_word' id='word_1_403' title='bbox 1775 2933 1918 3003; x_wconf 85' lang='lat' dir='ltr'><strong>Lege</strong></span> <span class='ocrx_word' id='word_1_404' title='bbox 1957 2934 2053 2982; x_wconf 80' lang='lat' dir='ltr'><strong>ubi.</strong></span> <span class='ocrx_word' id='word_1_405' title='bbox 2088 2926 2197 2983; x_wconf 85' lang='lat' dir='ltr'><strong>Sed</strong></span> <span class='ocrx_word' id='word_1_406' title='bbox 2229 2946 2288 2981; x_wconf 84' lang='lat' dir='ltr'><strong>se</strong></span> <span class='ocrx_word' id='word_1_407' title='bbox 2319 2927 2591 2997; x_wconf 82' lang='lat' dir='ltr'><strong>corrigens</strong></span> 
     </span>
     <span class='ocr_line' id='line_1_71' title="bbox 1558 3006 2592 3086; baseline -0.009 -21"><span class='ocrx_word' id='word_1_408' title='bbox 1558 3011 1875 3086; x_wconf 84' lang='lat' dir='ltr'><strong>prudentius</strong></span> <span class='ocrx_word' id='word_1_409' title='bbox 1916 3009 2127 3084; x_wconf 85' lang='lat' dir='ltr'><strong>subjicit</strong></span> <span class='ocrx_word' id='word_1_410' title='bbox 2148 3027 2165 3063; x_wconf 72' lang='grc' dir='ltr'><strong><em>ε</em></strong></span> <span class='ocrx_word' id='word_1_411' title='bbox 2210 3007 2313 3062; x_wconf 76' lang='lat' dir='ltr'><strong>nisi</strong></span> <span class='ocrx_word' id='word_1_412' title='bbox 2357 3006 2592 3060; x_wconf 73' lang='lat' dir='ltr'><strong>Avienus</strong></span> 
     </span>
     <span class='ocr_line' id='line_1_72' title="bbox 1561 3088 2591 3165; baseline -0.007 -22"><span class='ocrx_word' id='word_1_413' title='bbox 1561 3108 1618 3145; x_wconf 79' lang='lat' dir='ltr'><strong>ue</strong></span> <span class='ocrx_word' id='word_1_414' title='bbox 1654 3110 1753 3165; x_wconf 86' lang='lat' dir='ltr'><strong>pro</strong></span> <span class='ocrx_word' id='word_1_415' title='bbox 1788 3093 1873 3143; x_wconf 75' lang='lat' dir='ltr'><strong>ubi</strong></span> <span class='ocrx_word' id='word_1_416' title='bbox 1903 3089 2159 3163; x_wconf 83' lang='lat' dir='ltr'><strong>posuerit.</strong></span> <span class='ocrx_word' id='word_1_417' title='bbox 2186 3088 2325 3141; x_wconf 87' lang='lat' dir='ltr'><strong>Nam</strong></span> <span class='ocrx_word' id='word_1_418' title='bbox 2355 3096 2407 3139; x_wconf 89' lang='lat' dir='ltr'><strong>et</strong></span> <span class='ocrx_word' id='word_1_419' title='bbox 2431 3104 2591 3157; x_wconf 87' lang='lat' dir='ltr'><strong>supra</strong></span> 
     </span>
     <span class='ocr_line' id='line_1_73' title="bbox 1560 3164 2593 3245; baseline -0.01 -20"><span class='ocrx_word' id='word_1_420' title='bbox 1560 3172 1781 3245; x_wconf 84' lang='lat' dir='ltr'><strong>legitur:</strong></span> <span class='ocrx_word' id='word_1_421' title='bbox 1811 3196 1833 3217; x_wconf 80' lang='grc' dir='ltr'>ι</span> <span class='ocrx_word' id='word_1_422' title='bbox 1854 3180 1913 3223; x_wconf 89' lang='lat' dir='ltr'><strong>ut</strong></span> <span class='ocrx_word' id='word_1_423' title='bbox 1938 3182 2083 3223; x_wconf 83' lang='lat' dir='ltr'><strong>artus</strong></span> <span class='ocrx_word' id='word_1_424' title='bbox 2101 3166 2337 3239; x_wconf 86' lang='lat' dir='ltr'><strong>Longius</strong></span> <span class='ocrx_word' id='word_1_425' title='bbox 2356 3164 2593 3218; x_wconf 75' lang='lat' dir='ltr'><strong>effusum</strong></span> 
     </span>
     <span class='ocr_line' id='line_1_74' title="bbox 1560 3244 2593 3323; baseline -0.013 -17"><span class='ocrx_word' id='word_1_426' title='bbox 1560 3252 1787 3323; x_wconf 82' lang='lat' dir='ltr'><strong>spatiosa</strong></span> <span class='ocrx_word' id='word_1_427' title='bbox 1818 3248 2092 3303; x_wconf 81' lang='lat' dir='ltr'><strong>volumina</strong></span> <span class='ocrx_word' id='word_1_428' title='bbox 2120 3244 2347 3301; x_wconf 87' lang='lat' dir='ltr'><strong>tendunt</strong></span> <span class='ocrx_word' id='word_1_429' title='bbox 2362 3270 2405 3297; x_wconf 67' lang='grc' dir='ltr'><strong>ι».</strong></span> <span class='ocrx_word' id='word_1_430' title='bbox 2426 3244 2593 3296; x_wconf 76' lang='lat' dir='ltr'><strong>Sena.</strong></span> 
     </span>
     <span class='ocr_line' id='line_1_75' title="bbox 1560 3324 2596 3403; baseline -0.01 -18"><span class='ocrx_word' id='word_1_431' title='bbox 1560 3332 1676 3403; x_wconf 85' lang='lat' dir='ltr'><strong>Ego</strong></span> <span class='ocrx_word' id='word_1_432' title='bbox 1702 3348 1857 3397; x_wconf 80' lang='lat' dir='ltr'><strong>vero,</strong></span> <span class='ocrx_word' id='word_1_433' title='bbox 1886 3348 1982 3383; x_wconf 87' lang='lat' dir='ltr'><strong>cur</strong></span> <span class='ocrx_word' id='word_1_434' title='bbox 2016 3328 2196 3381; x_wconf 86' lang='lat' dir='ltr'><strong>locum</strong></span> <span class='ocrx_word' id='word_1_435' title='bbox 2231 3324 2378 3379; x_wconf 83' lang='lat' dir='ltr'><strong>hunc</strong></span> <span class='ocrx_word' id='word_1_436' title='bbox 2418 3324 2596 3376; x_wconf 79' lang='lat' dir='ltr'><strong>minus</strong></span> 
     </span>
     <span class='ocr_line' id='line_1_76' title="bbox 1564 3404 2597 3467; baseline -0.009 -3"><span class='ocrx_word' id='word_1_437' title='bbox 1564 3411 1829 3465; x_wconf 76' lang='lat' dir='ltr'><strong>cohrerere</strong></span> <span class='ocrx_word' id='word_1_438' title='bbox 1884 3407 2147 3461; x_wconf 83' lang='lat' dir='ltr'><strong>existimet</strong></span> <span class='ocrx_word' id='word_1_439' title='bbox 2196 3404 2278 3457; x_wconf 78' lang='lat' dir='ltr'><strong>vir</strong></span> <span class='ocrx_word' id='word_1_440' title='bbox 2328 3422 2597 3467; x_wconf 84' lang='lat' dir='ltr'><strong>summus,</strong></span> 
     </span>
     <span class='ocr_line' id='line_1_77' title="bbox 1566 3486 2593 3556; baseline -0.009 -12"><span class='ocrx_word' id='word_1_441' title='bbox 1566 3490 1668 3543; x_wconf 86' lang='lat' dir='ltr'><strong>nisi</strong></span> <span class='ocrx_word' id='word_1_442' title='bbox 1693 3504 1742 3541; x_wconf 81' lang='lat' dir='ltr'><strong>et</strong></span> <span class='ocrx_word' id='word_1_443' title='bbox 1778 3498 2013 3541; x_wconf 87' lang='lat' dir='ltr'><strong>mutetur</strong></span> <span class='ocrx_word' id='word_1_444' title='bbox 2045 3488 2101 3539; x_wconf 89' lang='lat' dir='ltr'><strong>in</strong></span> <span class='ocrx_word' id='word_1_445' title='bbox 2138 3501 2195 3537; x_wconf 79' lang='lat' dir='ltr'><strong>ue</strong></span> <span class='ocrx_word' id='word_1_446' title='bbox 2217 3503 2315 3556; x_wconf 88' lang='lat' dir='ltr'><strong>pro</strong></span> <span class='ocrx_word' id='word_1_447' title='bbox 2338 3486 2451 3543; x_wconf 80' lang='lat' dir='ltr'><strong>ubi,</strong></span> <span class='ocrx_word' id='word_1_448' title='bbox 2484 3502 2593 3537; x_wconf 86' lang='lat' dir='ltr'><strong>non</strong></span> 
     </span>
     <span class='ocr_line' id='line_1_78' title="bbox 1562 3562 2599 3640; baseline -0.008 -18"><span class='ocrx_word' id='word_1_449' title='bbox 1562 3569 1685 3623; x_wconf 84' lang='lat' dir='ltr'><strong>satis</strong></span> <span class='ocrx_word' id='word_1_450' title='bbox 1712 3566 2012 3640; x_wconf 82' lang='lat' dir='ltr'><strong>perspicere</strong></span> <span class='ocrx_word' id='word_1_451' title='bbox 2042 3564 2211 3638; x_wconf 86' lang='lat' dir='ltr'><strong>potui.</strong></span> <span class='ocrx_word' id='word_1_452' title='bbox 2244 3564 2432 3635; x_wconf 84' lang='lat' dir='ltr'><strong>Itaque</strong></span> <span class='ocrx_word' id='word_1_453' title='bbox 2458 3562 2599 3616; x_wconf 86' lang='lat' dir='ltr'><strong>nihil</strong></span> 
     </span>
     <span class='ocr_line' id='line_1_79' title="bbox 1566 3643 2596 3717; baseline -0.006 -18"><span class='ocrx_word' id='word_1_454' title='bbox 1566 3646 1783 3701; x_wconf 84' lang='lat' dir='ltr'><strong>mutavi.</strong></span> <span class='ocrx_word' id='word_1_455' title='bbox 1799 3645 2162 3717; x_wconf 65' lang='lat' dir='ltr'><strong>W.—-Diffusi</strong></span> <span class='ocrx_word' id='word_1_456' title='bbox 2181 3645 2344 3696; x_wconf 77' lang='lat' dir='ltr'><strong>latius.</strong></span> <span class='ocrx_word' id='word_1_457' title='bbox 2358 3644 2443 3695; x_wconf 80' lang='lat' dir='ltr'><strong>An</strong></span> <span class='ocrx_word' id='word_1_458' title='bbox 2456 3643 2596 3695; x_wconf 82' lang='lat' dir='ltr'><strong>forte</strong></span> 
     </span>
     <span class='ocr_line' id='line_1_80' title="bbox 1563 3721 2594 3799; baseline -0.008 -19"><span class='ocrx_word' id='word_1_459' title='bbox 1563 3728 1801 3781; x_wconf 81' lang='lat' dir='ltr'><strong>Avienus</strong></span> <span class='ocrx_word' id='word_1_460' title='bbox 1822 3724 1911 3779; x_wconf 83' lang='lat' dir='ltr'><strong>hic</strong></span> <span class='ocrx_word' id='word_1_461' title='bbox 1936 3724 2237 3799; x_wconf 81' lang='lat' dir='ltr'><strong>significare</strong></span> <span class='ocrx_word' id='word_1_462' title='bbox 2260 3724 2375 3777; x_wconf 76' lang='lat' dir='ltr'><strong>vult</strong></span> <span class='ocrx_word' id='word_1_463' title='bbox 2404 3721 2594 3777; x_wconf 85' lang='lat' dir='ltr'><strong>rarita-</strong></span> 
     </span>
     <span class='ocr_line' id='line_1_81' title="bbox 1564 3802 2593 3878; baseline -0.007 -19"><span class='ocrx_word' id='word_1_464' title='bbox 1564 3818 1675 3859; x_wconf 89' lang='lat' dir='ltr'><strong>tem</strong></span> <span class='ocrx_word' id='word_1_465' title='bbox 1701 3804 1975 3878; x_wconf 73' lang='lat' dir='ltr'><strong>Hispaniae</strong></span> <span class='ocrx_word' id='word_1_466' title='bbox 2000 3804 2319 3867; x_wconf 81' lang='lat' dir='ltr'><strong>incolarum,</strong></span> <span class='ocrx_word' id='word_1_467' title='bbox 2341 3802 2411 3855; x_wconf 88' lang='lat' dir='ltr'><strong>ob</strong></span> <span class='ocrx_word' id='word_1_468' title='bbox 2429 3820 2593 3874; x_wconf 85' lang='lat' dir='ltr'><strong>quam</strong></span> 
     </span>
     <span class='ocr_line' id='line_1_82' title="bbox 1563 3882 2597 3959; baseline -0.008 -20"><span class='ocrx_word' id='word_1_469' title='bbox 1563 3882 1785 3959; x_wconf 85' lang='lat' dir='ltr'><strong>quidam</strong></span> <span class='ocrx_word' id='word_1_470' title='bbox 1800 3896 2117 3959; x_wconf 79' lang='lat' dir='ltr'><strong>putaverunt</strong></span> <span class='ocrx_word' id='word_1_471' title='bbox 2125 3883 2393 3957; x_wconf 63' lang='lat' dir='ltr'><strong>Hispania</strong></span> <span class='ocrx_word' id='word_1_472' title='bbox 2402 3899 2597 3934; x_wconf 89' lang='lat' dir='ltr'><strong>nomen</strong></span> 
     </span>
     <span class='ocr_line' id='line_1_83' title="bbox 1566 3959 2599 4039; baseline -0.007 -22"><span class='ocrx_word' id='word_1_473' title='bbox 1566 3964 1753 4019; x_wconf 86' lang='lat' dir='ltr'><strong>datum</strong></span> <span class='ocrx_word' id='word_1_474' title='bbox 1772 4003 1789 4030; x_wconf 88' lang='lat'><em>,</em></span> <span class='ocrx_word' id='word_1_475' title='bbox 1817 3986 1845 4019; x_wconf 87' lang='lat' dir='ltr'><strong>a</strong></span> <span class='ocrx_word' id='word_1_476' title='bbox 1866 3984 2039 4039; x_wconf 64' lang='lat' dir='ltr'><strong>greco</strong></span> <span class='ocrx_word' id='word_1_477' title='bbox 2058 3964 2257 4018; x_wconf 77' lang='grc' dir='ltr'><strong>σπανία..</strong></span> <span class='ocrx_word' id='word_1_478' title='bbox 2300 3960 2402 4017; x_wconf 85' lang='lat' dir='ltr'><strong>Sed</strong></span> <span class='ocrx_word' id='word_1_479' title='bbox 2423 3960 2511 4015; x_wconf 84' lang='lat' dir='ltr'><strong>alii</strong></span> <span class='ocrx_word' id='word_1_480' title='bbox 2528 3959 2599 4011; x_wconf 83' lang='lat' dir='ltr'><strong>ab</strong></span> 
     </span>
     <span class='ocr_line' id='line_1_84' title="bbox 1568 4036 2597 4118; baseline -0.007 -21"><span class='ocrx_word' id='word_1_481' title='bbox 1568 4044 1806 4117; x_wconf 82' lang='lat' dir='ltr'><strong>Hispano</strong></span> <span class='ocrx_word' id='word_1_482' title='bbox 1862 4065 1983 4118; x_wconf 88' lang='lat' dir='ltr'><strong>rege</strong></span> <span class='ocrx_word' id='word_1_483' title='bbox 2046 4046 2371 4101; x_wconf 84' lang='lat' dir='ltr'><strong>nominatam</strong></span> <span class='ocrx_word' id='word_1_484' title='bbox 2440 4036 2597 4093; x_wconf 78' lang='lat' dir='ltr'><strong>adfir-</strong></span> 
     </span>
     <span class='ocr_line' id='line_1_85' title="bbox 1572 4126 1866 4181; baseline 0 -4"><span class='ocrx_word' id='word_1_485' title='bbox 1572 4138 1733 4181; x_wconf 84' lang='lat' dir='ltr'><strong>mant.</strong></span> <span class='ocrx_word' id='word_1_486' title='bbox 1765 4126 1866 4179; x_wconf 85' lang='lat' dir='ltr'><strong>En.</strong></span> 
     </span>
    </p>
   </div>
  </div>
 </body>
</html>
