2996 4685
763 398 900 473 AD
962 395 1515 463 DESCRIPT.
1570 396 1803 465 oRB.
1850 394 2237 463 TERRAE.
2477 390 2573 490 93

433 524 586 589 bula
633 524 874 587 rariora
922 524 1167 587 refero:
1202 546 1399 611 cespes
1433 546 1557 611 pro
1598 527 1816 612 quavis
1870 536 2038 587 terra
2060 568 2081 602 ,
2116 520 2330 589 multis
2382 522 2535 587 loeis
2549 548 2575 601 ‚-

435 630 656 695 modus
685 652 806 718 pro
833 632 1098 693 termino
1113 678 1136 710 ‚
1154 653 1214 692 v.
1244 652 1364 693 100
1385 655 1404 711 ς
1426 644 1689 693 sternax
1716 651 1835 719 pro
1860 640 2295 710 consternato,
2317 650 2386 693 v,
2402 628 2570 709 2033

431 734 678 821 glande
711 758 832 824 pro
862 735 1087 821 glans,
1115 732 1276 816 2853
1291 734 1747 823 paludivagus,
1769 734 1931 817 3123
1962 735 2369 799 Acbaemem‘a
2406 732 2531 799 lux
2549 782 2573 814 ‚

435 844 567 927 474
583 889 602 924 ,
630 840 1021 927 et'Asye-ius
1050 841 1204 903 axis
1217 886 1238 921 ,
1270 838 1428 920 534,
1452 862 1575 927 pro
1601 841 1849 927 regione
1868 838 2013 903 solis
2030 839 2321 919 ονίεηείες
2344 836 2578 903 adulat

437 971 557 1036 pro
609 945 852 1027 adluit,
897 946 1022 1011 338
1071 962 1136 1010 et
1187 944 1267 1033 57
1281 970 1344 1028 ις
1373 945 1755 1035 protelatus,
1796 944 2155 1034 productus
2170 994 2189 1021 ‚
2231 961 2539 1011 extensus
2553 992 2573 1026 ,

438 1053 604 1140 4873
628 1075 883 1141 scrupus
909 1074 1030 1141 pro
1057 1064 1242 1116 caute
1267 1074 1511 1140 aspera,
1538 1050 1663 1117 503
1681 1100 1699 1134 ,
1727 1050 1855 1139 786
1872 1098 1891 1129 ,
1919 1049 2083 1133 8103
2106 1062 2373 1115 carosum
2380 1042 2575 1139 pecus

438 1180 558 1246 pro
637 1158 926 1237 baloemk,
984 1154 1142 1244 7813
1187 1160 1601 1245 monstrigeni
1652 1157 1892 1243 fluctus
1905 1204 1926 1236 ‚
1968 1156 2130 1243 789,
2180 1155 2580 1245 Cauricrepae

437 1262 785 1342 convalles,
819 1260 982 1347 8693
1005 1263 1274 1350 vestigia
1301 1264 1565 1345 montis,
1594 1284 1739 1350 quae
1770 1262 1909 1325 aliis
1947 1260 2215 1341 radices,
2238 1261 2573 1343 dicuntur,

448 1368 576 1446 481
603 1414 622 1449 ,
659 1367 846 1449 1380;
875 1364 1167 1455 inexpers
1193 1389 1314 1455 pro
1351 1370 1681 1456 inexperto
1716 1367 1821 1431 vel
1866 1380 2155 1455 experte,
2181 1388 2349 1453 920,
2384 1366 2575 1453 ¹39¹·

441 1474 576 1539 Alia
635 1476 835 1539 multa
885 1496 966 1539 ex
1019 1475 1152 1538 Ora
1205 1474 1525 1539 maritima
1577 1473 1853 1562 proferri
1907 1489 2181 1561 possunt
2199 1520 2218 1555 ,
2256 1495 2401 1562 quae
2448 1472 2581 1551 jam

439 1597 759 1701 praetereo·
769 1578 829 1667 (ι
841 1580 888 1671 ).
915 1579 1042 1645 Sed
1072 1596 1150 1645 ut
1179 1602 1394 1645 naevos
1427 1580 1619 1645 etiam
1653 1579 1880 1644 Avieni
1914 1602 1997 1643 ne
2032 1579 2446 1661 reticeamus,
2474 1579 2581 1643 ille

439 1688 719 1775 impetus
742 1687 1006 1777 ingenii,
1026 1687 1132 1752 ina
1155 1685 1465 1752 orationis
1487 1687 1693 1775 copia,
1712 1708 1881 1776 saepe
1891 1685 2071 1765 justo
2094 1708 2315 1750 rerum
2339 1684 2581 1766 studio,

442 1814 609 1881 saepe
631 1792 885 1857 veritati
929 1786 1174 1856 offecit.
1221 1791 1398 1855 Dum
1448 1792 1805 1880 simplicius
1838 1814 1877 1855 a
1913 1791 2229 1879 Dionysio
2264 1790 2432 1855 dicta
2470 1814 2580 1879 or-

445 1897 658 1959 natius
699 1896 932 1959 efferre
975 1913 1044 1961 et
1075 1895 1340 1961 dilatare
1383 1894 1635 1975 studet,
1664 1912 1914 1961 exerrat
1941 1896 2009 1959 in
2050 1896 2289 1977 aliena,
2326 1910 2393 1958 et
2424 1894 2581 1959 falsa

445 2000 622 2065 dicit.
645 2000 792 2065 vid.
827 2022 926 2063 ex.
953 2021 1048 2087 gr.
1076 2024 1136 2064 v.
1171 1998 1330 2081 138,
1358 2000 1521 2081 380,
1546 1999 1692 2065 503.
1719 2002 1797 2064 ln
1820 2002 2218 2088 populorum
2248 1944 2581 2079 moribus,

447 2106 918 2195 regionumque
949 2094 1070 2170 vel
1083 2106 1410 2171 sterilitate
1439 2106 1541 2170 vel
1574 2106 1908 2193 opulentia
1943 2105 2389 2177 describendis
2405 2153 2423 2187 ,
2451 2109 2584 2192 fere

447 2212 754 2295 luxuriat,
775 2234 992 2299 neque
1023 2227 1156 2275 tam
1191 2235 1338 2299 quae
1369 2226 1599 2275 natura
1628 2212 1730 2275 vel
1754 2234 1915 2277 suus
1936 2226 2166 2277 auctor
2188 2213 2545 2300 Dionysius
2562 2260 2581 2293 ,

445 2342 641 2409 quam
677 2342 824 2409 quae
856 2317 1194 2407 ingenium
1231 2319 1554 2409 suggerit,
1584 2316 1907 2406 praedicat.
1944 2318 2335 2408 Plerumque
2370 2320 2582 2401 locos,

445 2430 514 2491 in
541 2427 780 2515 quibus
801 2426 1004 2515 stylus
1029 2447 1370 2489 excurrere
1393 2425 1631 2512 possit,
1648 2424 2077 2514 amplectitur,
2099 2441 2324 2490 contra
2344 2426 2590 2490 omittit

447 2535 614 2615 fere,
649 2555 794 2620 quae
823 2545 1090 2596 tractata
1125 2531 1424 2619 desperat
1457 2553 1651 2619 posse
1682 2532 2013 2596 nitescere.
2053 2532 2222 2597 Hinc
2253 2555 2590 2597 nonnum-

449 2661 647 2726 quam
674 2637 938 2702 nomina
967 2635 1261 2724 quaedam
1295 2637 1693 2725 populorum
1722 2637 2183 2724 locorumque,
2208 2660 2247 2700 a
2268 2637 2587 2725 Dionysio

449 2767 600 2810 cum
653 2742 952 2833 pluribus
1011 2757 1400 2822 memorata,
1429 2742 1734 2832 negligit,
1764 2729 1917 2831 quia
1961 2742 2227 2808 taedium
2274 2767 2353 2810 ex
2392 2745 2587 2833 longa

449 2851 856 2942 singulorum
868 2849 1358 2914 enumeratione
1377 2865 1667 2914 metuere
1682 2849 1941 2914 videtur
1956 2874 1975 2932 3
1989 2849 2173 2915 addit
2187 2867 2412 2915 contra
2436 2852 2555 2916 alia
2568 2899 2587 2931 ,

451 2981 596 3046 quae
623 2957 910 3046 speciosa
935 2955 1345 3022 videbantur.
1377 2957 1608 3044 Itaque
1638 2956 1811 3020 lectu
1837 2953 2105 3043 quidem
2124 2955 2415 3036 jucunda
2434 3004 2452 3039 ,
2476 2955 2591 3021 sed

453 3087 588 3128 non
633 3085 817 3152 aeque
859 3063 1109 3128 sincera
1158 3077 1224 3126 et
1249 3061 1561 3126 doctrinae
1611 3077 1759 3151 apta
1805 3063 2039 3127 Avieni
2072 3063 2423 3152 Periegesis
2455 3078 2555 3126 est
2571 3112 2590 3145 ‚

453 3171 576 3234 nisi
611 3185 1110 3250 commentator,
1140 3167 1256 3256 qui
1289 3167 1369 3232 de
1403 3167 1597 3232 naevis
1630 3184 1697 3232 et
1728 3169 2059 3234 erroribus
2091 3184 2354 3234 moneat
2368 3217 2385 3248 ,
2414 3189 2596 3232 acce-

455 3274 582 3339 dat.
627 3275 712 3354 Et
749 3274 916 3338 mihi
959 3295 1160 3362 saepe‚
1195 3273 1426 3338 Avieni
1473 3290 1605 3336 tam
1641 3273 1992 3361 pulchrum
2029 3295 2263 3364 poema
2297 3274 2595 3338 conside-

524 3507 600 3574 (ι)
639 3503 801 3556 Notat
825 3500 1038 3574 insuper
1059 3501 1469 3556 Wernsdorfius
1497 3502 1553 3555 in
1581 3501 1857 3556 Addendis
1882 3501 1951 3555 ad
1976 3513 2106 3555 tom.
2120 3501 2170 3552 V
2190 3501 2453 3556 Avienum
2472 3507 2595 3576 jure
2678 3535 2687 3550 ι

455 3591 644 3649 haberi
677 3603 948 3645 auctorem
973 3590 1303 3644 monumenti
1318 3607 1481 3662 supra
1506 3589 1759 3656 adducti,
1791 3592 1943 3663 cujus
1968 3588 2177 3644 initium
2212 3601 2320 3644 est:
2357 3618 2383 3638 α
2404 3591 2591 3646 Festus

457 3679 672 3733 Musoni
699 3677 956 3732 suboles·
934 3696 994 3742 ις
1031 3674 1196 3748 idque
1232 3675 1487 3730 declarari
1524 3689 1678 3749 putat
1710 3695 1771 3730 ex
1804 3695 1903 3730 usu
1930 3675 2285 3750 quorumdam
2309 3679 2596 3734 verborum

453 3769 616 3851 hujus
641 3765 1002 3832 mouumenti,
1023 3783 1142 3837 qun
1164 3764 1426 3817 Avienus
1413 3785 1468 3817 m
1485 3763 1693 3836 seriptis
1714 3764 1822 3817 suis
1842 3763 2025 3818 eadem
2045 3765 2427 3838 significatione
2444 3767 2597 3821 adhi-

457 3856 594 3909 buit.
623 3855 706 3910 Sic
734 3853 960 3907 suboles
945 3873 1000 3906 ιιι
1023 3851 1129 3905 hoc
1152 3864 1441 3924 usurpatur
1461 3851 1530 3906 de
1552 3871 1775 3925 genere,
1802 3854 2127 3927 propagine,
2170 3854 2421 3926 posteris,
2456 3868 2516 3910 ut
2540 3859 2595 3910 in

463 4032 786 4086 Volsiniensi
804 4073 820 4098 ,
843 4029 1160 4104 quomodo
1145 4047 1256 4102 ipse
1275 4029 1509 4082 Avienus
1540 4030 1842 4103 frequenter
1866 4031 2111 4096 adhibet,
2146 4045 2208 4084 ut
2242 4036 2421 4086 Descr.
2459 4034 2594 4088 Orb.

465 4141 542 4175 vs.
565 4123 668 4174 368
689 4161 704 4187 ,
728 4121 828 4189 495
849 4138 866 4182 3
903 4121 996 4175 Or.
1021 4119 1195 4173 merit.
1217 4137 1297 4172 vs.
1319 4117 1440 4186 517,
1459 4121 1565 4179 sno
1581 4120 1735 4187 ,698
1755 4121 1860 4173 En.
