2996 4685
796 363 932 433 AD
981 363 1332 432 ossen.
1375 302 1681 432 omns
1731 360 2108 430 TERRAE.
2382 353 2522 452 395

377 484 613 565 urbes,
645 505 792 572 quoe
821 507 898 577 ea
935 483 1360 574 recepissent,
1395 495 1725 548 enarraret
1746 529 1765 564 ,
1810 480 2027 570 potuit
2060 480 2254 576 etiam
2290 479 2523 544 urbem

381 587 761 668 nominare,
789 587 974 667 cujus
1005 585 1093 651 ad
1124 584 1459 649 Orientem
1495 600 1663 650 esset
1692 583 1941 660 Emisa,
1969 606 2100 648 non
2132 581 2365 650 Bacchi
2391 580 2529 668 qui·

381 687 574 768 dem,
611 687 728 754 sed
753 688 1071 754 similibus
1103 687 1269 754 Solis
1297 686 1490 750 sacris
1524 684 1765 750 dicata:
1794 699 1900 755 Τῆς
1926 689 1989 748 8³
2016 695 2133 764 πρὶς
2161 693 2383 750 ἀνηλίων
2409 681 2530 760 ἠμε-

383 805 490 850 σὸν
518 798 676 859 πόλις.
713 790 1066 854 Auctorem
1095 801 1194 854 τῦν
1227 803 1549 868 Βασσαρυιῦν
1582 786 1811 852 suidas
1832 785 2107 874 prodere
2140 784 2526 874 Dionysium

383 890 738 978 quemdem
769 891 1213 981 Mitylenaeum
1244 889 1525 954 videtur.
1548 889 1745 954 Hunc
1776 888 1952 952 enim
1981 885 2176 952 tradit
2209 887 2379 952 inter
2406 885 2529 950 alia

385 992 720 1079 scripsisse
745 1003 834 1058 τὴν
868 1003 1094 1058 Amfion»
1126 1001 1211 1054 καὶ
1242 990 1434 1062 Αθηνᾶς
1460 997 1727 1070 στρατιὰν,
1756 1011 1891 1077 quo
1924 989 2117 1054 titulo
2148 989 2401 1076 plenius
2436 988 2533 1054 in-

387 1093 592 1158 dicari
645 1109 1103 1182 argumentum
1163 1109 1258 1158 τῠν
1291 1107 1615 1173 Buce-puzan
1653 1089 1941 1172 videtur,
2001 1089 2243 1178 quibus
2302 1103 2533 1154 auctor

389 1212 715 1284 exponere
746 1196 984 1278 voluit,
1023 1195 1350 1262 Bacchum
1385 1205 1454 1258 et
1490 1194 1871 1273 Minervam,
1910 1192 2095 1281 quasi
2122 1190 2532 1280 expeditione

390 1296 458 1358 in
492 1297 804 1361 Barbaros
846 1313 1172 1386 suscepta,
1211 1296 1344 1360 vini
1381 1311 1448 1360 et
1481 1295 1637 1360 oleae
1670 1295 1889 1375 cultu,
1928 1309 2069 1358 tum
2108 1292 2299 1358 variis
2330 1293 2527 1356 etiam

389 1398 636 1462 artibus
682 1397 1105 1480 introductis,
1151 1414 1376 1489 gentes
1427 1396 1510 1461 ad
1558 1397 2012 1461 humaniorem
2062 1395 2261 1458 vitam
2311 1393 2532 1458 tmdu·

389 1500 580 1564 xisse.
623 1501 776 1583 Quo
805 1517 999 1588 pacto
1037 1500 1198 1564 mihi
1233 1515 1577 1589 perspectu
1610 1497 1795 1562 facile
1825 1511 1956 1578 est,
1991 1495 2109 1585 qui
2141 1496 2424 1585 potuerit
2457 1495 2524 1557 in

393 1601 728 1666 Bassai-icis
779 1603 1026 1666 mentio
1071 1601 1304 1666 Emisae
1351 1601 1535 1664 urbis
1586 1599 1758 1681 fieri,
1805 1598 1991 1678 eujus
2039 1596 2209 1660 cives
2244 1597 2529 1660 Avienus

395 1701 550 1766 dicit
581 1726 691 1767 eor
739 1704 938 1768 claris
988 1705 1212 1770 studiis
1255 1706 1512 1768 acuzkse.
1567 1700 1693 1766 Sed
1741 1701 2010 1764 fortasse
2052 1699 2253 1788 magis
2271 1747 2287 1778 ,
2330 1720 2527 1786 quam

394 1804 620 1868 Suidas
640 1852 660 1884 ‚
692 1805 1052 1869 audiendus
1090 1821 1190 1872 est
1219 1803 1635 1883 EustatbiuS,
1668 1802 1819 1889 qui,
1848 1815 1925 1864 ut
1950 1815 2099 1864 ante
2124 1799 2293 1879 dixi,
2312 1801 2531 1862 Bassa-

397 1904 528 1966 rica
559 1904 876 1991 Dionysio
903 1905 1120 1970 Samio
1152 1907 1404 1976 tribuit.
1439 1907 1633 1969 Hunc
1664 1902 1950 1967 Samium
1969 1949 1986 1984 ‚
2020 1915 2135 1965 aut
2165 1899 2530 1978 Rhodium,

398 2004 784 2093 Dionysium
831 2005 1060 2070 Suidas
1105 2023 1424 2072 memorat
1467 2005 1667 2069 fuisse
1708 2004 2000 2068 Musonii
2050 2001 2253 2066 filium
2274 2051 2293 2084 ‚
2354 2022 2535 2064 eum-

395 2105 677 2193 demque
713 2107 845 2170 fani
882 2108 1048 2172 Solis
1085 2108 1524 2188 sacerdotem3
1563 2107 1759 2171 fuisse
1801 2105 2185 2171 historicum
2201 2152 2219 2185 ‚
2268 2117 2333 2166 et
2376 2101 2533 2165 scri-

393 2207 594 2295 psisse
628 2217 842 2287 ἱστορίας
877 2216 1110 2283 τοπυιὰς,
1143 2210 1439 2273 locorum
1473 2207 1773 2271 historias
1801 2206 1995 2271 libris·
2014 2228 2128 2270 sex
2147 2254 2166 2280 ‚
2207 2219 2273 2268 et
2307 2215 2529 2283 οἰκουμέ-

391 2336 474 2378 νης
506 2316 810 2390 nupti-mem.
846 2307 978 2391 Qui
1011 2331 1404 2397 quamquam
1440 2308 1790 2373 historicus
1811 2357 1829 2389 ‚
1881 2329 2014 2372 non
2046 2321 2238 2395 poeta
2260 2354 2277 2387 ‚
2315 2302 2533 2394 perhi-

393 2408 587 2472 betur
615 2430 648 2471 a
679 2405 912 2490 Suida‚
945 2412 1238 2477 versibus
1271 2428 1487 2475 tamen
1519 2411 1848 2498 scripsisse
1882 2408 2209 2498 putandus
2238 2422 2357 2489 est,
2380 2406 2533 2493 quia

393 2509 712 2573 Bassarica
745 2512 1038 2575 versibus
1069 2515 1305 2601 scripta
1343 2511 1554 2576 eidem
1582 2511 1811 2575 tribuit
1839 2510 2243 2589 Eustathius,
2284 2524 2348 2571 et
2378 2529 2531 2571 cum

398 2610 713 2700 Periegesi
767 2611 1062 2699 Dionysii
1113 2629 1443 2701 comparat
1460 2662 1478 2694 ‚
1532 2627 1674 2676 tum
1728 2612 1879 2699 quia
1928 2612 2143 2700 ipsum
2186 2610 2533 2698 Periegetae

399 2732 566 2797 opus
602 2718 837 2792 ἱστορικὸν
874 2723 1070 2793 ποίημα
1100 2730 1400 2777 vocatum
1441 2736 1579 2776 esse
1611 2712 1828 2777 refert.
1866 2713 2033 2776 Ecce
2068 2733 2223 2785 vero
2256 2710 2531 2797 scripto·

400 2833 536 2874 rem
559 2858 576 2891 ‚
612 2812 726 2897 qui
756 2834 994 2901 genere
1026 2835 1182 2894 suo,
1207 2812 1424 2877 officio
1455 2828 1522 2877 et
1545 2812 1863 2877 librorum
1896 2813 2087 2876 titulo
2117 2832 2269 2874 eum
2300 2832 2367 2873 se
2397 2830 2536 2872 esse

400 2912 801 2998 profiteatur,
837 2938 874 2977 a
913 2939 1080 3003 quo,
1129 2916 1253 2979 nisi
1289 2914 1657 3003 Stephanus
1688 2936 1947 2977 versum
1986 2912 2066 2977 de
2097 2911 2315 2977 Emisa
2348 2910 2534 2990 urbe,

400 3030 574 3078 certe
604 3018 885 3079 Avienus
925 3018 1283 3105 pleniorem
1320 3017 1458 3098 ejus
1491 3016 1673 3080 urbis
1720 3007 2215 3103 descriptionem
2257 3011 2531 3101 petierit.

403 3114 570 3177 Nam
604 3126 818 3197 ἱστορίας
853 3127 1058 3189 τοπικὰς
1095 3120 1224 3184 sive
1267 3118 1560 3183 versibus
1578 3167 1598 3200 ,
1638 3118 1773 3181 sive
1823 3116 1987 3205 stylo
2031 3132 2290 3180 tantum
2338 3114 2541 3178 histo-

406 3216 542 3278 rico
577 3218 883 3297 exaravit,
930 3222 1145 3306 potuit
1180 3244 1332 3285 sane
1377 3220 1559 3284 urbis
1601 3220 1833 3283 Emisae
1859 3218 2356 3306 descriptionem
2386 3215 2538 3279 dare

409 3340 489 3378 eo
521 3315 824 3409 inulibro,
863 3320 975 3405 qui
1006 3320 1301 3384 locorum
1335 3336 1401 3384 et
1435 3322 1813 3410 regionum,
1853 3333 1919 3383 et
1954 3318 2214 3381 urbium
2254 3315 2539 3405 singula-

407 3440 556 3481 rum
587 3418 1024 3483 memorabilia
1055 3421 1370 3501 traderet3
1414 3422 1626 3509 potuit
1644 3469 1662 3502 ,
1696 3422 1901 3483 immo
1932 3417 2190 3498 debuit,
2222 3416 2538 3505 sigillatim

411 3518 588 3583 urbis
617 3518 938 3583 Emisenae
974 3521 1220 3586 cultum
1255 3524 1592 3587 solennem
1619 3522 1815 3602 Solis,
1856 3535 1922 3585 et
1952 3520 2266 3608 templum
2306 3518 2541 3608 magni-

411 3618 608 3684 fieum
656 3641 1019 3685 memorare
1038 3670 1056 3703 ,
1095 3624 1210 3709 qui
1249 3624 1385 3712 ipse
1425 3624 1560 3687 fani
1592 3624 1757 3689 Solis
1788 3621 2085 3687 sacerdos
2117 3638 2287 3702 erat3
2328 3623 2541 3710 potuit

411 3720 708 3807 inprimis
728 3722 1048 3786 Avienum
1072 3723 1154 3788 ad
1173 3725 1673 3789 memorandum
1697 3725 1945 3788 cultum
1964 3724 2128 3789 Solis
2142 3724 2543 3803 Emisenum,

415 3838 481 3884 et
510 3820 926 3909 descriptioni
959 3826 1134 3891 orbis
1165 3810 1586 3891 inserendum
1616 3826 1885 3889 invitare
1902 3875 1921 3906 ,
1954 3826 2067 3913 qui
2096 3848 2301 3915 genus
2330 3848 2369 3889 a
2404 3824 2545 3890 Mu-

415 3920 603 3984 sonio
645 3920 951 4006 ducebat,
999 3941 1066 3989 et
1102 3926 1490 4014 Dionysium
1526 3928 1816 3991 Musonii
1850 3926 2057 3991 filium
2097 3928 2544 4016 (quicumque

415 4021 677 4086 tandem
707 4022 813 4088 hic
844 4026 1190 4092 Musonius
1217 4029 1456 4115 fuerit)
1478 4078 1494 4104 ‚
1556 4030 1845 4118 inprimis
1884 4052 2074 4093 nosse
2106 4046 2171 4093 et
2200 4031 2411 4117 legere
2438 4027 2545 4090 de-

415 4124 638 4204 bebat,
668 4125 756 4187 ob
791 4130 1166 4223 memoriam
1204 4132 1606 4211 communis,
1648 4132 1748 4195 vel
1780 4132 2003 4196 saltem
2034 4130 2437 4219 cognominis
2480 4144 2544 4191 et
