2996 4685
575 359 672 452 4'0
1002 373 1138 440 DE
1197 371 1322 440 CA
1339 369 1841 441 RMINmus
1901 333 2271 440 ΑνιΕΝῙ.

575 499 700 562 teri
739 487 1019 564 rationes
1059 500 1443 589 probamus,
1483 499 1723 589 quibus
1740 546 1760 581 ,
1794 498 2042 565 fabulas
2082 521 2221 564 non
2266 521 2404 563 esse
2449 497 2710 582 Avieni,

577 604 1075 687 demonstravit,
1121 599 1252 672 hoc
1299 610 1520 672 minus
1568 607 1891 672 adsentire
1929 607 2068 688 ejus
2105 607 2443 670 sententiae
2472 603 2711 694 possu-

577 733 758 787 mus,
823 733 952 800 qua
1007 713 1300 778 Flavium
1358 713 1677 778 Aviauum
1694 761 1713 796 ,
1772 713 2137 778 fabularum
2193 729 2529 778 auctorem
2548 759 2567 794 ,
2622 709 2711 776 ad

575 837 786 882 aevum
813 811 1022 905 usque
1053 819 1543 882 Antoninorum
1578 818 1851 883 evehere
1866 866 1886 898 ,
1918 818 2191 906 ejusque
2220 818 2461 905 stylum
2494 839 2533 880 a
2560 817 2709 882 labe

572 915 834 988 serioris
870 923 1200 989 latinitatis
1229 923 1555 989 vindicare
1594 942 1889 991 conatur.
1930 923 2131 1007 Quod
2162 923 2312 988 licet
2354 924 2557 988 multa
2598 924 2709 986 in-

573 1027 821 1094 dustria
855 1045 922 1096 et
957 1053 1196 1120 magno
1230 1028 1541 1096 doctrinae
1564 1031 1880 1120 adparatu
1910 1045 2087 1120 agat,
2118 1051 2458 1118 nunquam
2486 1043 2705 1094 tamen

569 1123 738 1200 'mihi
785 1136 1176 1226 persuadere
1220 1139 1438 1228 potui,
1483 1155 1561 1204 ut
1610 1161 1753 1204 eam
1796 1138 2187 1204 sententiam
2236 1135 2455 1200 solidis
2508 1157 2705 1224 argu·

573 1243 810 1308 mentis
841 1242 1284 1308 confirmatam
1297 1293 1316 1328 ,
1343 1268 1622 1334 quaeque
1650 1245 1709 1310 ei
1737 1245 1995 1309 obstare
2016 1242 2325 1319 videntur
2344 1257 2477 1306 tam
2500 1241 2708 1306 multa

573 1362 640 1410 et
668 1349 918 1437 gravia,
951 1349 1222 1414 feliciter
1257 1351 1341 1414 ab
1376 1373 1454 1416 eo
1487 1351 1765 1416 refutata
1792 1350 2155 1415 arbitrarer.
2186 1350 2249 1414 N
2250 1370 2339 1413 on
2376 1363 2476 1412 est
2506 1345 2707 1428 hujus
2796 1365 2820 1390 ’

571 1454 675 1518 vel
701 1455 830 1520 loci
845 1501 863 1536 ,
895 1457 997 1520 vel
1032 1458 1150 1522 otii
1179 1459 1338 1540 mei,
1379 1458 1667 1548 singulas
1704 1458 1841 1538 ejus
1872 1457 1975 1522 vel
2010 1455 2227 1544 plures
2272 1454 2555 1518 rationes
2594 1475 2709 1518 ex-

571 1545 831 1640 cutere3
864 1563 1242 1654 primarium
1277 1581 1494 1630 tamen
1524 1566 1663 1646 ejus
1687 1578 2178 1655 argumentum,
2205 1581 2339 1649 quo
2370 1576 2707 1648 tamquam

570 1667 996 1734 fundamento
1033 1687 1172 1734 tota
1205 1671 1346 1736 haec
1375 1669 1729 1762 disputatio
1762 1671 2101 1752 innititur,
2130 1668 2341 1734 facere
2384 1688 2521 1731 non
2554 1687 2709 1754 pos·

569 1795 716 1841 sum
735 1821 754 1854 ,
792 1775 952 1862 quin
985 1776 1204 1864 paullo
1238 1776 1601 1841 accuratius
1636 1776 1991 1866 explorem.
2034 1773 2325 1840 Aviauus
2368 1773 2439 1836 in
2475 1770 2706 1858 proefa·

567 1882 748 1946 tione
779 1881 870 1947 ad
889 1883 1341 1948 Theodosium
1371 1885 1683 1966 materiae,
1718 1905 1915 1973 quam
1958 1882 2235 1972 sumpsit
2278 1880 2433 1962 sibi,
2467 1878 2705 1944 ducem

565 1987 885 2078 AEsopum
933 1989 1154 2056 laudat
1172 2038 1191 2073 ,
1251 1991 1522 2079 ejusque
1572 1990 1829 2056 fabulas
1882 1989 2044 2055 dicit
2098 1987 2402 2054 Babrium
2464 1985 2705 2052 Graeeis

564 2096 792 2162 iambis
825 2099 1155 2185 repetiisse
1171 2145 1190 2178 ,
1223 2113 1292 2161 et
1314 2097 1665 2162 Pbaedrum
1694 2097 1871 2162 inter
1899 2095 2161 2162 Latinos
2196 2111 2445 2183 partem
2476 2113 2705 2157 earum

566 2203 852 2291 aliquam
886 2205 1179 2291 quinque
1213 2205 1284 2268 in
1319 2203 1575 2268 libellos
1606 2204 1965 2268 resolvisse.
2004 2201 2515 2292 Cannegieterus
2547 2221 2705 2264 vero

567 2311 768 2377 alium
805 2325 1142 2377 auctorem
1157 2360 1177 2393 ,
1209 2310 1326 2400 qui
1363 2310 1610 2375 fabulas
1641 2309 1941 2400 AEsopias
1978 2325 2127 2400 post
2172 2308 2519 2375 Phaedrum
2554 2307 2708 2373 scri·

567 2418 796 2505 pserit,
853 2416 1190 2505 producit,
1243 2418 1513 2489 Iulium}
1539 2417 1871 2483 Titianum
1888 2466 1907 2499 ,
1942 2417 2023 2482 ab
2055 2416 2387 2496 Ausonio,
2417 2413 2705 2503 Epistola

566 2523 755 2604 XVI,
789 2520 876 2587 ad
908 2522 1200 2587 Probum
1217 2570 1236 2604 ,
1269 2522 1625 2605 laudatum,
1646 2546 1843 2612 quem
1878 2524 2113 2613 probat
2145 2520 2555 2609 Principibus
2582 2519 2705 2583 Ga-

565 2629 792 2695 racalh
815 2678 833 2711 ,
878 2628 1176 2693 Macrino
1209 2644 1408 2715 atque
1446 2628 1789 2718 Elagabalo
1824 2630 2057 2695 vixisse
2082 2628 2199 2718 (1).
2236 2628 2463 2710 Quum
2498 2624 2701 2714 igitur

564 2738 736 2801 inter
777 2734 1126 2801 Phoedrum
1169 2752 1240 2801 et
1277 2757 1482 2807 suum·
1518 2738 1823 2801 saeculum
1854 2737 2143 2802 Avienus
2176 2736 2433 2800 nullum
2474 2747 2700 2797 aucto-

565 2864 707 2905 rem
763 2840 1128 2908 fabularum
1187 2858 1399 2929 ponat
1415 2890 1434 2923 ‚
1489 2842 1785 2910 Titianus
1837 2859 2058 2907 autem
2118 2841 2453 2929 proximus
2514 2853 2698 2905 aetate

569 2946 846 3011 Phaedro
871 2947 1206 3035 sit„isque
1237 2947 1319 3011 ab
1344 2948 1594 3013 Aviano
1620 2972 1755 3013 non
1786 2964 2221 3027 memoretur,
2266 2946 2423 3009 hinc
2452 2943 2701 3033 colligit

565 3054 1070 3143 Caunegieterus
1091 3102 1110 3136 ,
1149 3054 1472 3119 Avianum
1518 3070 1601 3119 ut
1644 3052 1921 3119 Phaedro
1974 3053 2293 3119 minorem
2344 3066 2527 3115 oetate
2544 3098 2565 3132 ,
2610 3048 2699 3113 ita

569 3159 882 3242 maiorem
917 3159 1331 3249 prioremque
1351 3159 1613 3224 Titiano
1646 3160 1847 3225 fuisse
1860 3206 1879 3241 ,
1915 3175 2111 3246 atque
2138 3156 2303 3222 adeo
2334 3156 2457 3221 sub
2485 3157 2699 3220 Anto·

568 3264 728 3329 nino
773 3263 896 3327 Pio
933 3263 1134 3327 et·M.
1163 3262 1433 3329 Aurelio
1461 3261 1775 3329 floruisse.
1808 3262 2155 3330 Enimvero
2181 3261 2319 3326 baec
2347 3258 2699 3347 disputatio

569 3369 998 3435 fundamento
1035 3368 1394 3438 admodum
1439 3368 1703 3437 infirmo
1734 3368 1991 3451 nititur,
2026 3368 2227 3457 idque
2266 3365 2535 3434 duobus
2572 3388 2701 3429 ma·

569 3678 670 3731 pro
708 3676 804 3711 sua
839 3660 1092 3713 sententia
1135 3656 1378 3722 adducit,
1402 3657 1716 3728 presertim,
1739 3656 1885 3731 quod
1914 3658 2209 3713 fabularum
2235 3670 2419 3713 auctor
2440 3656 2697 3713 Chri-tia-

569 3748 1016 3819 nnmsepodt
1048 3744 1811 3819 Qoequ⁰dmNAntoniu
1855 3747 2696 3821 13'121ffispe.„.t119p·g

575 3839 705 3903 160,
767 3856 838 3889 on
867 3856 962 3907 per
993 3854 1122 3889 οιιιιι
1123 3834 1492 3907 inprobata
1465 3837 1653 3910 subjici
1606 3837 1681 3891 eit
1702 3848 1758 3891 ta
1730 3856 1922 3892 amen:
1956 3838 2117 3893 «Nec
2146 3838 2267 3893 ideo
2292 3850 2473 3891 tamen
2492 3838 2697 3892 nan-chii

563 3923 826 3997 judicium
851 3942 1006 3977 nosa
971 3923 1108 3978 aaud
1114 3934 1264 3977 cteri
1249 3922 1642 3996 improbamus,
1672 3934 1765 3979 aut
1794 3926 2097 3981 fabularum
2126 3928 2433 3999 scriptorem
2459 3936 2698 4027 nostrum

567 4010 841 4065 omninov
807 4010 896 4064 vol
899 4029 1054 4065 mum
1073 4009 1380 4066 Avienum·

635 4127 921 4198 (ollone
894 4128 1000 4200 agit
1027 4127 1080 4180 iu
1106 4126 1434 4182 dissertatio
1437 4130 1559 4183 eed
1588 4142 1733 4184 etate
1758 4132 1856 4183 Avi
1930 4150 1977 4195 ι,
2003 4148 2117 4203 cap.
2150 4148 2234 4197 m,
2268 4148 2327 4185 n
2352 4146 2402 4185 et
2422 4152 2505 4186 ιι.
