2996 4685
2219 305 2253 319 σ

589 381 724 453 588
1338 384 1418 449 Β.
1474 385 1548 449 F.
1601 382 1944 452 AVIENI

675 502 949 573 Celatur
976 504 1256 598 Sonipes
1284 517 1491 597 caput
1519 504 1826 600 impiger,
1853 504 2060 573 ardua
2093 507 2320 573 cervix

675 614 962 708 Tethyos
1000 614 1133 683 ima
1175 614 1345 708 petit
1381 613 1602 701 salsae,
1621 615 1786 709 juba
1819 628 1958 683 tota
1993 613 2328 683 madescit.

677 722 899 818 Hydra
938 724 1426 818 superpositum
1466 722 1699 818 procul
1733 725 1804 792 in
1847 729 2122 794 Cratera
2161 739 2468 793 movetur

676 838 875 903 Parte
900 832 1026 903 alia
1046 886 1065 917 ‚
1097 848 1164 903 et
1195 832 1365 903 liber
1384 835 1664 929 vestigia
1694 836 1905 905 Sirius
1941 834 2132 904 ardet

676 943 927 1014 Ultima
945 997 964 1031 ‚
994 942 1277 1013 caeruleo
1314 943 1688 1036 producens
1715 968 1981 1039 aequore
2005 946 2306 1039 puppim.

678 1052 799 1123 Illa
836 1054 1075 1141 micat,
1102 1052 1412 1148 maloque
1446 1069 1638 1124 tenus
1673 1078 1812 1125 sese
1843 1054 2088 1125 exserit
2111 1060 2331 1151 Argo,

676 1165 908 1252 Quum
938 1164 1079 1256 jam
1106 1163 1441 1258 virgineos
1470 1164 1681 1233 aether
1713 1164 1896 1235 vehit
1929 1164 2128 1235 altior
2159 1181 2358 1235 artus,

766 1275 911 1344 Nec
936 1295 1145 1367 quum
1181 1273 1489 1369 flagi-atas
1531 1276 1850 1345 emittunt
1889 1302 2230 1347 marmora
2273 1274 2560 1367 Chelas,

673 1384 921 1455 Sideris
956 1400 1255 1477 expertes
1292 1400 1359 1454 et
1398 1386 1579 1456 clara
1620 1385 1768 1455 luce
1801 1402 2136 1473 carentes,

674 1498 830 1565 Non
860 1510 961 1564 est
990 1510 1149 1563 nota
1184 1494 1356 1583 dies,
1385 1511 1503 1565 aut
1531 1511 1631 1566 est
1659 1496 1966 1593 ignobilis
1991 1512 2199 1567 ortus,
2609 1521 2714 1557 ιιι·

674 1609 978 1699 Namque
1015 1604 1117 1674 his
1154 1604 1475 1676 indicium
1518 1607 1796 1701 proprio
1836 1607 1969 1676 fert
2009 1632 2128 1675 ore
2173 1610 2409 1676 Bootes

671 1714 1003 1785 Plurimus
1028 1716 1329 1785 exoriens
1345 1768 1365 1803 ‚
1392 1718 1886 1811 Arcturumque
1915 1717 2177 1786 eminus
2203 1714 2337 1785 alto

672 1826 961 1895 Cardine
994 1825 1356 1896 succendit.
1387 1830 1532 1897 Jam
1571 1826 1744 1897 celso
1769 1825 2084 1896 Thessala
2126 1826 2369 1920 puppis

675 1938 939 2005 AEtliere
966 1936 1395 2024 subvehitur3
1419 1937 1560 2030 jam
1599 1936 1854 2005 mundo
1889 1936 2198 2005 fimditur
2223 1934 2445 2029 Hydra

678 2046 1011 2141 Longior,
1044 2062 1489 2141 extremaeque
1532 2046 1760 2140 polum
1803 2048 1983 2116 subit
2019 2046 2246 2140 indiga
2283 2043 2512 2113 caudae
2535 2096 2557 2129 ,
2603 2072 2706 2108 ηις

672 2162 893 2227 Curva
930 2158 1081 2228 Chii
1122 2158 1281 2228 caelo
1321 2182 1530 2252 quum
1562 2172 1848 2252 surgunt
1887 2157 2160 2227 brachia
2205 2156 2400 2251 signi.

672 2267 936 2362 Inspice
971 2292 1093 2337 ceu
1134 2269 1363 2337 dextra
1400 2269 1731 2336 referatur
1771 2268 1856 2336 ab
1894 2290 2160 2362 aequore
2195 2263 2452 2362 planta,

676 2381 890 2468 Inque
924 2379 1121 2446 Genu
1164 2391 1425 2446 tantum
1466 2379 1663 2448 nixus
1698 2378 1868 2472 pede
1907 2377 2202 2474 proferat
2243 2391 2482 2446 ortum.

672 2489 804 2553 Iste
841 2489 1029 2579 Lyrae
1066 2484 1298 2556 rutilat
1328 2489 1813 2573 conterminuS,
1843 2502 2042 2582 atque
2087 2489 2210 2556 sub
2257 2485 2452 2556 undis

666 2595 791 2663 Hic
830 2595 1117 2664 tenebris
1154 2599 1323 2691 petit
1360 2598 1624 2668 occidui
1666 2623 1830 2694 vaga
1867 2597 2108 2667 caerula
2147 2596 2369 2692 ponti,
2589 2625 2700 2666 11⁴·

664 2710 753 2774 Et
790 2731 943 2774 mox
984 2711 1257 2777 Oceano
1293 2723 1642 2804 reparatur
1677 2709 1898 2780 clarus
1932 2712 2114 2778 Eoo:

666 2819 839 2884 Cum
885 2816 1106 2887 Chelis
1150 2818 1355 2912 igitur
1392 2819 1560 2912 pede
1607 2835 1868 2889 tantum
1912 2821 2248 2915 promitur
2283 2844 2437 2888 uno.

667 2932 817 3021 Ipse
854 2927 1098 2998 dehine
1133 2953 1365 2998 versus
1410 2931 1645 3024 procul
1694 2931 1763 3000 in
1803 2945 2040 3026 eaput,
2085 2928 2320 2999 ultima
2361 2932 2646 2999 monstri

646 3153 667 3186 1
680 3152 794 3186 ηπ.
808 3135 934 3185 Iuba
948 3147 1049 3186 toea
1066 3139 1322 3197 madescit,
1332 3155 1393 3190 ex
1411 3155 1582 3190 onen-
1745 3155 1768 3190 1
1783 3138 1895 3190 128.
1919 3139 2026 3189 Nec
2062 3153 2210 3203 quum
2234 3137 2522 3206 flagrantes
2559 3138 2694 3184 enie-

567 3213 781 3266 datione
805 3213 993 3268 Grotii.
1012 3215 1191 3286 Vulgo
1211 3234 1226 3268 :
1268 3239 1291 3262 ιι
1306 3217 1463 3288 jubar
1486 3234 1583 3270 ora
1669 3231 2036 3270 cunemannora
2051 3220 2248 3275 Chelas,
2263 3215 2347 3269 Sic
2364 3213 2698 3268 meliusGro-

564 3294 857 3348 madescit»
872 3337 888 3362 ,
915 3295 1029 3350 sine
1054 3313 1229 3349 sensu.
1670 3295 1792 3349 tius.
1820 3297 2001 3368 Vulgo
2003 3299 2282 3366 flagrum.

640 3377 954 3430 11234125.
1016 3379 1184 3441 Hydra
1234 3378 1580 3445 superpositum
1744 3375 1894 3428 1136.
1933 3377 2088 3427 anna
2119 3375 2226 3425 elain·
2249 3376 2369 3424 coelo
2406 3391 2558 3439 quan
2587 3391 2698 3423 sns-

554 3459 735 3521 procnl
792 3457 841 3505 in
901 3459 1103 3507 Cratera
1168 3467 1383 3507 movetur
1436 3469 1584 3522 parte
1663 3467 1796 3525 gunt
1811 3454 2016 3506 brachia
2032 3450 2362 3521 51'5m'.Vulgo
2375 3465 2694 3520 consurg-ne.

565 3537 695 3594 alth,
722 3547 821 3587 etc.
848 3535 931 3587 Ita
957 3533 1015 3586 hi
1045 3553 1225 3588 versus
1255 3534 1580 3606 distinguen-
1744 3531 1907 3601 1139,
1933 3538 2087 3595 1140.
2115 3535 2216 3581 Iste
2249 3536 2413 3595 Lym.
2429 3568 2472 3583 ..
2503 3534 2602 3582 Hie
2618 3545 2696 3581 te-

566 3611 621 3664 di
640 3625 784 3667 sunt.
804 3613 944 3667 Male
956 3615 1188 3686 vulgote
1204 3613 1383 3686 Hydra
1407 3631 1582 3684 super-
1667 3613 1842 3663 nebn's.
1865 3617 1964 3662 15oe
2007 3621 2062 3663 et
2097 3611 2190 3661 Hie
2233 3607 2302 3662 de
2325 3607 2532 3662 eodem.
2555 3606 2696 3660 Vide

560 3691 789 3760 positum
808 3695 1018 3763 procul
1004 3713 1060 3746 in
1075 3694 1292 3748 Cratera
1308 3705 1579 3745 movetur·
1665 3708 1828 3763 supra
1852 3701 1960 3743 not.
1977 3687 2048 3742 ad
2069 3706 2148 3743 vt.
2174 3687 2222 3742 ⁵.
2257 3719 2329 3730 —
2357 3689 2449 3740 Hie
2477 3689 2692 3739 emebn‘s

558 3769 711 3821 Parte
728 3769 827 3823 alia
855 3783 907 3824 et
925 3771 1055 3825 liber
1077 3771 1285 3843 vestigia
1303 3771 1468 3826 Sirius
1490 3789 1576 3824 ar·
1658 3771 1795 3838 petii.
1818 3769 2012 3822 Nixum
2031 3767 2220 3821 eadem
2241 3779 2402 3821 noete
2421 3783 2563 3839 sepe
2580 3785 2694 3819 eu-

563 3844 694 3900 det:
730 3849 931 3903 Ultima
949 3852 1240 3904 caeruleo.
1663 3849 1836 3921 tingui
1857 3861 1909 3902 et
1929 3846 2125 3901 exoriri
2159 3845 2286 3900 dicit
2311 3847 2534 3910 Aratus,
2561 3845 2690 3917 quin

632 3945 786 3998 ¹1²7·
809 3933 963 3994 Quum
988 3934 1099 3998 jam
1134 3933 1386 4000 virgineos
1422 3933 1576 3982 aetlier
1659 3946 1886 4000 parvum
1921 3927 2104 3981 orbem
2141 3926 2246 3980 sub
2273 3925 2554 3980 horizonte
2591 3924 2692 3978 de-

557 4009 695 4058 vehit
726 4010 875 4059 altior
904 4022 1057 4060 artus.
1106 4010 1269 4082 Supra
1306 4027 1381 4063 vs.
1421 4010 1568 4078 963·
1553 4048 1566 4061 .
1661 4007 1857 4060 scribit.
1889 4006 1992 4059 En.

554 4086 967 4158 «virgineosque
984 4087 1193 4158 pudens
1214 4090 1361 4143 Zona
1386 4107 1569 4161 super-
1735 4093 1884 4151 1142.
1931 4091 2060 4138 Pede
2101 4100 2306 4148 tantam.
2355 4083 2458 4140 Sed
2495 4085 2690 4137 Araus

557 4163 797 4218 imminet
822 4177 965 4218 artus
984 4191 1023 4215 n.
1646 4168 1843 4235 femore
1863 4170 1997 4221 dicit.
2019 4165 2125 4221 En.
