2996 4685
554 412 683 506 198

1303 411 1381 474 R.
1433 411 1504 474 F.
1559 407 1915 505 Avmm

643 537 727 602 Et
774 547 994 600 tamen
1037 532 1161 599 has
1200 552 1430 596 omnes
1474 527 1680 598 solers
1713 529 1834 596 tibi
1867 526 2062 596 Musa
2105 527 2430 622 loquetur.

644 643 865 710 Prima
904 654 1313 709 vetustorum
1356 659 1520 732 gens
1555 651 1654 706 est
1693 637 1784 706 ibi
1813 636 2350 730 Tyrrhenorum:

2599 665 2682 714 ⁴9⁰

642 751 807 822 Inde
841 751 1114 844 Pelasga
1150 773 1416 832 manus,
1452 747 1740 843 Cyllenae
1773 775 1810 817 e
1849 749 2098 818 finibus
2135 749 2293 820 olim

646 867 815 950 Quae
854 864 1023 957 petit
1059 862 1363 954 Hesperii
1406 861 1574 928 freta
1615 861 1932 954 gurgitis,
1965 884 2122 929 arva
2161 876 2448 931 retentat

642 970 853 1039 Itala:
892 987 1033 1039 tum
1074 969 1281 1039 multa
1328 969 1698 1038 tenduntur
1733 985 1922 1064 parte
1957 973 2214 1056 Latini,

646 1087 775 1151 Per
812 1107 982 1177 quos
1020 1081 1337 1150 flaventes
1371 1079 1596 1150 Tibris
1627 1095 1818 1175 pater
1854 1079 2143 1175 explicat
2174 1083 2420 1166 undam,

640 1199 1113 1286 Romanosque
1160 1191 1326 1260 lares
1364 1191 1553 1286 lapsu
1593 1191 1966 1284 praelambit
1999 1192 2296 1262 alumno,

2597 1219 2680 1269 495

644 1305 819 1373 Hinc
846 1307 1226 1398 Campanus
1253 1327 1411 1396 ager
1436 1299 1694 1396 glebam
1715 1302 1912 1395 jacit:
1946 1302 2056 1372 hic
2083 1303 2246 1372 freta
2275 1303 2612 1398 quondam

640 1414 1108 1508 Parthenopen
1144 1412 1388 1482 blando
1426 1411 1758 1481 labentem
1803 1413 1872 1481 in
1910 1438 2247 1482 marmora
2289 1413 2480 1508 ponti

642 1529 1004 1620 suscepere
1041 1527 1231 1593 sinu:
1278 1521 1578 1618 tepidum
1623 1523 1676 1590 si
1727 1547 1958 1591 rursus
1992 1525 2062 1590 in
2097 1529 2417 1592 Austrum

542 1705 749 1776 sulcant
762 1733 802 1758 ι».
824 1706 1083 1758 Ceterum
1106 1697 1287 1756 monet
1302 1699 1560 1755 Schrade-

542 1803 631 1838 rus
650 1825 665 1849 ,
694 1785 798 1839 hoc
824 1786 943 1838 loco
968 1801 1177 1837 versum
1198 1781 1439 1854 Dionysii
1459 1780 1562 1842 346

538 1867 607 1917 ab
663 1865 867 1918 Avieno
923 1864 1119 1935 pariter
1172 1881 1235 1915 ac
1298 1861 1565 1914 prisciano

540 1945 791 1998 omissum
820 1961 934 1996 esse
955 1985 970 2010 ,
1007 1944 1143 1994 forte
1174 1941 1323 2012 quod
1350 1959 1457 1992 non
1487 1939 1563 1990 in-

540 2025 781 2076 venerint
810 2023 859 2074 in
885 2021 1041 2075 codd.
1060 2021 1196 2084 suis,
1222 2021 1361 2085 sive,
1390 2031 1564 2088 utego

532 2103 741 2174 judico,
779 2103 925 2175 quod
950 2102 1145 2154 nullius
1176 2099 1427 2152 momenti
1452 2117 1564 2150 esse

542 2184 787 2252 putarint.

615 2269 735 2328 491.
764 2261 991 2329 Reposui
1013 2301 1029 2324 ‚
1066 2258 1213 2332 quod
1238 2255 1568 2309 Schraderus

542 2341 708 2392 suasit
721 2378 735 2401 ,
764 2342 974 2405 lelenoe
991 2341 1210 2408 efim‘bus
1222 2376 1238 2399 ,
1261 2339 1565 2395 Κυλλήνηθιν

541 2418 823 2489 Dionysii:
866 2416 1088 2487 vulgatae
1126 2416 1326 2467 habent
1360 2418 1568 2481 Cyllena-

531 2500 735 2567 stnibus.
761 2496 1005 2548 Heinsius
1020 2496 1088 2547 ad
1108 2495 1255 2564 Virg.
1276 2494 1534 2546 AEnNm
1553 2532 1567 2555 ,

554 2578 650 2643 139
665 2618 680 2641 ‚
702 2575 847 2627 hunc
866 2592 1073 2627 versum
1098 2575 1225 2627 citat
1254 2570 1324 2631 ad
1344 2572 1566 2644 proban·

546 2656 665 2707 dam
692 2656 781 2708 lat.
800 2655 1060 2708 terminat.
1083 2656 1305 2720 Cyllenoe

618 2740 736 2801 492.
769 2738 890 2800 Quae
907 2737 1033 2802 petit
1062 2735 1289 2800 Hesperii.
1321 2734 1447 2783 Petit
1469 2752 1568 2804 pro

538 2818 682 2881 peciit
714 2814 946 2886 positum
983 2823 1094 2877 est,
1120 2810 1566 2883 quemadmodum

548 2892 742 2945 factum
772 2904 849 2946 est
878 2912 949 2945 vs.
978 2910 1107 2943 ηπ
1131 2910 1275 2962 seqq.
1296 2895 1399 2943 616
1418 2908 1564 2962 seqq.

550 2973 698 3043 Virg.
724 2976 838 3025 AEn.
862 2974 939 3023 lx
956 3013 971 3036 ‚
1006 2974 1106 3023 266
1126 2990 1141 3035 ;
1164 2970 1343 3023 Horat.
1372 2972 1478 3023 Sat.
1509 2972 1564 3033 1,

547 3056 579 3103 6
602 3094 617 3116 ,
654 3072 709 3105 12
752 3052 871 3120 (ubi
922 3050 1024 3101 vid.
1052 3048 1244 3116 Bentl.)
1283 3050 1393 3102 Ora
1435 3068 1564 3103 mar.

550 3132 665 3187 503.
706 3132 959 3204 Inprimis
994 3144 1169 3183 autem
1206 3130 1347 3182 conf.
1374 3130 1565 3201 Vir-gil.

544 3214 735 3283 Georg.
766 3214 823 3273 1,
872 3228 971 3281 ²77
1018 3228 1128 3281 seq.
1159 3210 1320 3263 seua.
1347 3242 1417 3249 —
1446 3214 1568 3274 Qua:

540 3298 663 3362 petie
682 3293 842 3363 Cusp.
869 3288 1009 3342 Pith.
1034 3286 1271 3340 Hudson.
1292 3294 1419 3339 Dum
1441 3292 1570 3356 pecie

547 3373 680 3425 Vad.
709 3388 813 3443 qua
837 3368 1162 3421 correctione
1183 3366 1392 3420 videtur
1413 3386 1568 3421 usum

548 3451 815 3523 praesentis
830 3454 959 3517 petit
974 3490 989 3510 ,
1021 3466 1115 3519 pro
1142 3448 1375 3519 perfecto
1399 3486 1414 3510 ,
1438 3448 1570 3499 mol-

548 3531 641 3581 lire
660 3530 899 3581 voluisse.
924 3558 995 3568 --
1028 3532 1161 3578 Arva
1184 3540 1394 3578 retentae
1411 3530 1568 3591 Itala,

550 3628 643 3679 pro
675 3624 819 3660 tenet.
849 3610 1019 3672 Quem
1048 3626 1203 3661 usum
1222 3605 1372 3658 verbi
1399 3624 1428 3658 e
1454 3606 1569 3673 plu-

550 3690 693 3739 ribus
723 3688 853 3738 locis
876 3686 1253 3739 demonstravit
1273 3690 1483 3737 Bauldri
1500 3686 1569 3739 ad

553 3770 695 3819 Luci.
724 3766 791 3818 de
814 3766 887 3817 Μ.
917 3766 968 3817 Ρ.
994 3784 1044 3835 p.
1080 3784 1194 3835 177,
1228 3766 1372 3818 hunc
1402 3766 1570 3837 inpri-

550 3847 648 3897 mis
668 3844 925 3917 Spartiani
962 3844 1128 3897 citan-
1154 3845 1207 3897 in
1228 3845 1369 3898 AElio
1386 3848 1532 3899 Vero
1550 3885 1565 3909 ,

550 3926 659 3981 init.
694 3926 793 3977 «In
833 3925 1011 3977 animo
1054 3925 1187 3977 mihi
1218 3936 1327 3989 est,
1355 3926 1566 3979 Diocle-

545 4006 686 4058 tiane
704 4007 937 4075 Auguste
952 4040 968 4065 ‚
996 4014 1072 4055 tot
1090 4004 1385 4076 principum
1405 4006 1564 4058 maxi-

544 4103 631 4139 me
649 4121 665 4148 ,
684 4100 791 4138 non
815 4084 985 4137 solum
1007 4100 1188 4136 eorum
1208 4120 1225 4147 ,
1249 4085 1343 4155 qui
1360 4086 1561 4157 priuci-

1649 1710 1936 1770 temperas,
1965 1677 2334 1768 ¹retentarunt,
2372 1711 2512 1755 etc.»
2557 1704 2592 1757 i.
2621 1725 2675 1756 e.

1651 1787 1949 1830 tenuerunt.
1987 1778 2126 1833 Vide
2157 1790 2412 1853 praeterea
2444 1781 2677 1836 casaub.

1651 1856 1720 1909 ad
1744 1858 1802 1910 h.
1817 1841 2054 1929 ᾔδειτε.
2671 1879 2676 1882 ·

1725 1937 1850 2004 493.’
1871 1940 2029 1988 Multa
2051 1940 2475 2005 tenduntur-parce
2493 1941 2678 1990 Latini.

1649 2017 1737 2068 sic
1769 2033 1847 2068 vs.
1886 2017 2015 2069 526:
2041 2017 2142 2068 «Et
2172 2035 2331 2088 nuper
2365 2018 2534 2070 arenti
2565 2029 2682 2070 ten-

1651 2094 1853 2148 duntur
1876 2097 2098 2168 Iapyges
2127 2115 2256 2167 agro
2269 2121 2312 2148 ιι.
2337 2095 2501 2150 Scan.

1721 2180 1840 2243 494.
1879 2181 1969 2226 Per
1987 2179 2368 2246 quos-flaventes.
2387 2175 2561 2230 Possis
2583 2183 2682 2227 Per

1654 2275 1804 2323 quam
1832 2277 1851 2306 .·
1888 2273 2014 2308 cave
2051 2267 2226 2308 tamen
2267 2267 2451 2309 tentes.
2485 2255 2682 2310 Millies

1654 2335 1712 2386 in
1767 2335 1961 2390 talibus
2013 2338 2191 2404 populi
2243 2354 2343 2408 pro
2389 2339 2680 2405 regionibus.

1655 2414 1841 2468 Claud.
1868 2414 1953 2469 Id.
1979 2416 2079 2479 IV,
2123 2432 2184 2482 19
2210 2434 2223 2466 τ
2248 2440 2274 2460 ιι
2299 2414 2398 2469 Per
2420 2416 2636 2469 Meroen
2658 2458 2676 2482 ‚

1654 2494 2002 2567 Blemyesque
2037 2494 2201 2560 feros,
2233 2506 2511 2567 atramque
2544 2494 2676 2567 Sye—

1656 2592 1760 2625 nen
1776 2598 1826 2625 ι».
1845 2579 2095 2627 Flavences
2125 2585 2179 2625 et
2210 2572 2373 2627 flavas
2403 2592 2569 2647 aquas
2589 2576 2681 2627 Ti.

1655 2654 1768 2704 beri
1784 2672 1966 2707 omnes
1987 2654 2241 2707 tribuunt.
2256 2654 2382 2707 vid.
2407 2654 2586 2707 Heius.
2607 2656 2676 2707 ad

1653 2732 1808 2784 Ovid.
1828 2733 1954 2785 Met.
1977 2732 2134 2798 XIV,
2157 2736 2275 2797 448.
2293 2734 2464 2787 Scan.

1729 2812 1847 2879 495.
1863 2820 2021 2880 Lapsa
2032 2817 2314 2881 proelambie
2330 2818 2545 2875 alumno,
2558 2814 2615 2865 h.
2629 2836 2676 2866 e.

1655 2891 1745 2963 qui
1767 2891 1928 2963 rigat,
1954 2890 2074 2957 alit,
2117 2891 2384 2945 fecundat.
2403 2893 2588 2946 Claud.
2609 2892 2678 2946 de

1653 2970 1810 3042 Rapt.
1828 2972 1970 3025 Pros.
1992 2971 2077 3024 111
2092 3009 2107 3034 ,
2131 2991 2181 3023 ν.
2197 2972 2331 3041 373:
2367 2998 2388 3018 ιι
2415 2972 2677 3045 Apollinei

1654 3050 1882 3102 nemoris
1900 3049 2130 3103 nutritor
2145 3050 2376 3103 Orontes
2393 3078 2436 3103 ιο.
2451 3052 2550 3106 W.

1727 3130 1844 3196 496.
1865 3129 2210 3201 Legendum:
2242 3133 2371 3181 Hinc
2401 3135 2679 3198 Campanus

1654 3228 1776 3277 ager
1786 3212 1982 3277 glebam
1994 3212 2137 3277 jacie.
2172 3205 2235 3261 Id
2268 3208 2378 3281 Ipsa
2410 3228 2493 3263 res
2528 3221 2580 3262 et
2599 3229 2678 3263 ee-

1655 3287 1757 3341 ries
1777 3287 2032 3341 hactenus
2054 3286 2319 3341 dictorum
2344 3286 2501 3343 docet
2517 3329 2533 3353 ,
2551 3288 2679 3343 inde

1655 3386 1682 3421 a
1706 3386 1860 3421 versu
1884 3375 2010 3436 490:
2036 3366 2489 3423 «Prima...inde.
2507 3379 2676 3421 ..tum

1667 3487 1678 3497 .
1696 3489 1708 3500 .
1727 3485 1737 3496 .
1751 3446 1887 3500 Hinc
1901 3488 1911 3498 .
1926 3487 1938 3498 .
1952 3485 1964 3497 .
1975 3448 2382 3500 rursus».Docet
2393 3449 2541 3501 Dion.
2557 3450 2680 3518 357,

1656 3536 1732 3599 Τῇ
1753 3525 1806 3581 δ’
1825 3530 1924 3583 ἐπί.
1956 3527 2120 3581 Prisc.
2146 3548 2196 3580 v.
2220 3528 2352 3581 351:
2382 3553 2404 3574 ι
2429 3535 2549 3582 Post
2578 3529 2678 3581 hos

1655 3608 1850 3679 pingue
1883 3605 2056 3658 solum
2090 3606 2360 3677 sequitur,
2385 3607 2676 3679 Cumpania

1654 3684 1801 3740 dives
1823 3714 1865 3740 u.
1901 3686 2012 3740 Nec
2067 3686 2217 3739 anter
2264 3688 2579 3760 Anonymus
2625 3698 2677 3740 et

1655 3768 1970 3821 Withofius.
1997 3766 2163 3819 Scau.
2200 3800 2270 3807 -—
2308 3771 2511 3820 Glebam
2541 3771 2679 3835 jacet

1655 3848 1795 3919 Higt.
1816 3844 1908 3900 sed
1927 3846 2032 3899 hoc
2057 3846 2142 3897 vix
2165 3847 2339 3917 placet
2359 3844 2671 3901 Schrader-0.

1653 3927 1735 3979 Cf.
1764 3926 1860 3979 Or.
1895 3943 2026 3978 mar.
2055 3943 2106 3976 v.
2133 3943 2249 3979 110.

1725 4007 1846 4074 498.
1879 4006 1974 4059 His
1993 4016 2043 4058 et
2061 4004 2246 4059 vicinis
2265 4004 2503 4059 versibus
2524 4005 2677 4059 Avie-

1651 4105 1753 4140 nus
1768 4085 2034 4139 liberrime
2058 4086 2428 4157 interpretatus
2448 4098 2524 4140 est
2543 4084 2674 4139 Dio·

544 4182 668 4235 pem
688 4164 864 4218 locum
893 4165 949 4216 in
977 4163 1077 4215 hac
1106 4162 1328 4215 statione
1346 4200 1363 4227 ‚
1397 4181 1559 4236 quam
1647 4166 1868 4237 nysiana
1887 4206 1902 4231 ,
1931 4186 1984 4221 ν.
2010 4166 2110 4219 360
2129 4206 2144 4233 ,
2169 4183 2339 4237 neque
2365 4164 2503 4218 ullus
2524 4164 2672 4218 locus
