2996 4685
799 356 1187 423 ARATEA
1244 354 1929 424 PHAENOMENA.

392 480 532 545 Ista
568 476 838 571 quidem
866 479 1029 547 vasti
1068 476 1453 547 conduntur
1493 477 1776 571 gurgitis
1813 474 1984 545 alto:

396 591 656 657 Contra
699 602 917 657 autem
964 585 1143 657 illius
1188 586 1493 657 concedit
1533 586 1766 655 sideris
1809 600 1964 655 ortu

396 698 615 767 Orion
651 696 928 767 rutilans
964 697 1263 767 ardentia
1293 696 1560 791 cingula
1599 696 1762 779 late,
2323 734 2420 761 noo

396 812 488 877 Et
524 809 809 901 flagrans
840 809 1191 895 humeros,
1228 820 1297 877 et
1335 805 1688 903 splendens
1723 831 1878 875 ense
1913 831 2225 893 corusco,

398 916 907 1011 Eridanumque
938 918 1205 987 trahens
1232 914 1362 987 alio
1396 942 1465 987 se
1492 916 1688 987 litore
1722 917 1992 1012 promit.

495 1025 907 1097 Adveniente
936 1026 1177 1097 dehinc
1208 1026 1442 1097 villoso
1474 1026 1652 1097 colla
1685 1031 1944 1113 Leone,

396 1137 644 1204 Omnia
682 1160 833 1229 quae
864 1140 1127 1207 Cancro
1159 1161 1296 1207 sese
1324 1152 1714 1232 emergente
1754 1162 1874 1231 per
1910 1137 2184 1205 aethram

398 1245 792 1315 Extulerant
815 1300 835 1331 ,
864 1247 1128 1316 abeunt.
1179 1249 1369 1335 Quin
1412 1262 1479 1315 et
1517 1246 1698 1317 Jovis
1735 1244 1888 1316 Ales
1927 1247 1994 1316 in
2032 1244 2242 1315 undas
2330 1268 2423 1306 nos

396 1355 749 1441 Conditur,
782 1371 848 1423 et
883 1357 1039 1425 totis
1076 1358 1313 1452 raptim
1356 1358 1521 1450 petit
1559 1381 1826 1451 aequora
1865 1357 2122 1451 pennis.

396 1464 525 1534 Sed
561 1466 774 1538 Nixus
808 1466 1131 1560 genibus,
1160 1466 1481 1561 replicato
1513 1469 1586 1535 in
1619 1492 1688 1536 se
1717 1468 1856 1560 ipse
1893 1466 2185 1536 residens

395 1572 687 1668 poplite,
719 1575 857 1668 jam
886 1578 1109 1670 superi
1144 1562 1401 1646 celatur
1426 1578 1736 1671 corporis
1763 1590 1974 1647 artuS.

396 1687 551 1755 Non
591 1699 811 1755 tamen
858 1687 979 1755 iste
1020 1712 1233 1779 genu,
1270 1712 1405 1757 non
1452 1686 1684 1759 laevam
1721 1688 1984 1783 gurgite
2026 1686 2320 1782 plantam

395 1796 769 1883 occulitur,
800 1822 937 1865 non
975 1802 1287 1867 Oceanus
1304 1814 1497 1868 vorat
1525 1800 1750 1867 omnia
1782 1799 1978 1892 signi.

396 1906 688 1973 Proser-it
718 1905 945 1999 Hydra
982 1923 1217 2000 caput,
1244 1905 1426 1977 claro
1460 1911 1686 2003 Lepus
1725 1907 1944 1978 exsilit
1976 1923 2159 1994 ortu,

394 2017 480 2082 Et
506 2018 841 2109 Procyon,
870 2018 1201 2111 primique
1232 2018 1435 2111 pedes
1462 2019 1668 2087 Canis
1697 2019 2184 2114 ignicomantis.

490 2126 779 2219 Erigone
807 2124 990 2196 salsis
1018 2152 1223 2223 quum
1254 2127 1518 2197 vultum
1543 2130 1835 2223 exegerit
1857 2129 2084 2214 undiS‚

399 2236 591 2305 Aeris
622 2252 699 2305 ut
733 2236 944 2331 patuli
966 2240 1103 2331 jam
1141 2240 1407 2307 conscia
1439 2254 1736 2333 permeet
1769 2240 2042 2309 aethram
2064 2292 2083 2325 ‚

396 2349 745 2418 Astrorum
782 2369 1135 2420 numerosa
1172 2350 1439 2444 premit.
1462 2352 1646 2419 ,Nam
1677 2353 1958 2446 Virgine
1978 2355 2123 2422 Eoo
2323 2376 2421 2412 111⁵

394 2461 855 2553 Consurgente
891 2460 1062 2530 freto
1085 2513 1104 2546 ‚
1140 2459 1317 2530 cedit
1350 2465 1528 2554 Lyra
1565 2460 1928 2554 Cyllenaea,

395 2568 589 2636 Cedit
622 2568 1001 2663 Delphinus
1026 2568 1269 2664 pelago
1286 2623 1305 2656 ,
1332 2569 1640 2664 ceditque
1667 2573 1956 2665 Sagitta,

392 2677 749 2768 Primaque
787 2701 1155 2770 pennarum
1196 2701 1348 2771 pars
1378 2703 1622 2748 canum
1659 2681 1890 2748 condit
1926 2679 2242 2766 Olorem,

392 2787 525 2854 Vix
556 2787 697 2880 jam
732 2785 942 2855 cauda
984 2785 1195 2856 salum
1232 2799 1542 2878 superat;
1565 2789 1672 2856 vix
1721 2786 1974 2858 lumine
2009 2813 2212 2882 parco

392 2897 658 2966 Eminet
695 2895 1061 2984 Eridanus,
1088 2897 1278 2992 ponti
1318 2894 1550 2988 procul
1583 2897 1782 2968 efflua
1819 2900 2038 2993 tingit.

370 3116 520 3168 1099.
547 3104 729 3152 Conem
752 3113 915 3155 autem
940 3101 1067 3152 illius
1094 3094 1317 3152 concedit

296 3181 468 3230 sidet-is
492 3193 623 3232 orm.
651 3179 829 3250 Vulgo
863 3181 989 3230 nulli
1022 3197 1121 3249 pro
1150 3180 1279 3231 illim
1292 3213 1311 3237 ,

297 3256 449 3308 male.
480 3289 548 3297 —
578 3261 715 3310 Illius
736 3261 933 3318 sideris,
956 3257 1155 3312 scilicet
1173 3258 1315 3318 Cen-

299 3335 393 3390 cri.
422 3337 527 3389 Em

373 3433 521 3487 1107.
548 3419 648 3468 Sed
668 3419 833 3468 Nixus
852 3419 1059 3486 genibus
1085 3418 1315 3484 replicato

298 3497 347 3546 in
366 3515 422 3547 se
440 3497 541 3563 ipse
557 3497 775 3547 residem
792 3499 993 3564 Poplioe.
1022 3495 1111 3549 Sic
1134 3509 1314 3548 emen·

298 3571 453 3632 davit.
471 3573 707 3629 Gmtins.
730 3575 909 3646 Vulgo
924 3591 941 3626 ε
976 3600 1003 3620 α
1020 3572 1124 3628 Sed
1150 3573 1315 3628 Nixu-

299 3653 517 3724 genibus
540 3654 799 3726 replicato
822 3655 938 3708 luce
960 3653 1193 3708 residens
1214 3655 1317 3706 Po-

298 3732 427 3801 plite
442 3759 484 3786 -.
508 3735 627 3786 Jam
648 3751 807 3804 supra
830 3751 931 3805 pro
954 3737 1063 3786 Ince
1084 3741 1317 3788 manente

298 3809 433 3864 idem
458 3813 693 3886 reposuit
716 3819 829 3882 Ipse
847 3833 1070 3870 manens.

374 3909 397 3942 ι
412 3910 433 3944 ι
446 3911 469 3944 1
480 3909 529 3945 1.
542 3895 753 3944 nexerit
766 3895 939 3958 &dm
956 3897 1127 3961 (kaput.
1146 3901 1319 3946 Pmo-

302 3973 364 4019 rie
382 3980 460 4020 est
472 3975 725 4038 propellit,
766 3975 963 4023 exserit.
992 3973 1189 4044 sepius
1212 3972 1317 4026 uti·

302 4061 385 4101 tur
424 4046 527 4102 hoc
566 4050 731 4102 verbo
767 4049 999 4103 Avienus
1022 4052 1079 4104 in
1114 4051 1311 4123 Perieg.

304 4140 357 4180 ut
383 4145 457 4181 vs.
488 4128 586 4193 342
610 4167 625 4193 ,
656 4128 757 4182 580
780 4167 795 4194 ,
826 4149 959 4200 7⁰¹»
986 4131 1104 4199 995.

1480 3117 1502 3152 1
1518 3117 1536 3152 1
1551 3099 1630 3152 15.
1661 3107 1911 3152 Asuui-um
1937 3119 2198 3155 amensa
2215 3105 2392 3168 premit
2404 3154 2417 3168 ·

1402 3178 1439 3230 i.
1462 3196 1511 3232 e.
1533 3183 1730 3246 premit,
1757 3179 1906 3250 pellit
1923 3181 2050 3233 coelo
2080 3191 2216 3233 astra
2241 3195 2420 3232 nume-

1400 3274 1541 3310 rosa.
1559 3259 1786 3310 Locutio
1793 3259 1992 3313 Avieno
2003 3259 2294 3314 familiaris.
2311 3259 2416 3310 En.

1402 3367 1471 3376 —
1511 3341 1640 3388 Nam
1685 3341 1890 3405 Virgine
1931 3343 2036 3388 Eoo
2086 3341 2420 3404 Consurgence

1386 3416 1548 3482 freso,
1586 3419 1723 3468 Cedit
1741 3421 1874 3482 Iffm
1900 3420 2164 3481 Cyllenea.
2185 3415 2416 3470 Pessime

1399 3495 1560 3565 vulgo
1577 3495 1766 3565 legitur
1785 3507 1838 3548 et
1856 3494 2195 3566 distinguitur
2213 3512 2228 3546 :
2249 3519 2272 3542 c
2289 3513 2418 3548 nam

1402 3574 1622 3648 Virgine
1635 3577 1750 3630 an
1769 3588 2124 3648 consurgente
2133 3613 2151 3638 ‚
2172 3577 2308 3628 freto
2333 3595 2420 3630 ce-

1400 3651 1481 3706 dit
1507 3657 1644 3725 Lyra
1669 3656 1932 3728 Cyllenen
1945 3681 1986 3706 ι.
2013 3686 2086 3696 —·
2106 3662 2236 3721 Lyra
2259 3659 2421 3721 Cylle-

1402 3753 1518 3792 nm
1535 3735 1636 3786 inf.
1659 3754 1736 3788 vs.
1759 3753 1914 3806 1227,
1943 3737 2250 3788 Morem-iulis
2285 3743 2420 3801 Lym

1402 3812 1614 3867 dicitur.
1633 3815 1733 3868 En.

1478 3909 1628 3947 1120.
1663 3900 1806 3948 Ponu'
1831 3900 2006 3964 pmcn!
2048 3897 2203 3967 ffua
2249 3896 2412 3961 tingit.

1402 3973 1489 4028 Sic
1517 3974 1750 4028 Avienus
1775 3993 1934 4048 supra
1963 3995 1994 4027 v
2039 3978 2170 4038 384:
2197 3997 2220 4019 α
2245 3971 2419 4024 Efflua

1404 4073 1459 4106 se
1480 4054 1682 4126 species
1703 4053 2020 4127 liquidarum
2055 4053 2230 4108 fundit
2263 4069 2426 4121 aqua-

1406 4151 1524 4184 rum
1543 4159 1586 4186 n.

2287 352 2420 449 587
2531 395 2538 415 .
