2996 4685
767 359 888 428 ET
948 357 1775 428 INTERPRETmth
1836 337 2229 430 AVIEN1.'
2444 363 2532 435 61

419 488 832 556 scenderunt.
869 490 1034 553 Nam
1069 486 1249 575 quod
1280 489 1312 551 J
1317 507 1380 550 o.
1409 485 1785 567 Hudsonus,
1816 501 1999 551 tomo
2041 485 2136 554 IV
2174 490 2539 582 Geograph.

421 597 753 660 minorum
771 643 789 676 ,
848 593 1156 683 plurimas
1181 591 1612 660 ‚eruditorum
1654 590 2135 658 emendationes
2178 593 2260 660 ad
2296 612 2541 662 textum

419 700 649 765 Avieni
693 700 949 790 collegit
965 748 983 774 ‚
1023 715 1274 763 tantum
1316 698 1493 762 abest
1512 745 1530 779 ,
1578 713 1656 761 ut
1702 697 1841 786 ipse
1883 699 2073 787 plena
2104 719 2544 792 perpetuaque

421 805 834 896 castigatione
879 805 1015 886 ejus
1059 803 1328 893 defungi
1359 803 1667 886 voluerit,
1718 820 1793 867 ut
1836 805 2037 869 multa
2079 805 2316 871 intacta
2365 825 2430 873 et
2462 809 2543 874 ab

419 911 556 976 aliis
589 913 946 976 accuratius
978 910 1362 976 excutienda
1397 911 1747 998 reliquerit.
1776 910 2016 976 Nostra
2049 910 2332 1002 denique
2362 933 2545 981 aetate

415 1015 451 1078 J
453 1039 514 1080 o.
542 1016 956 1099 Schraderus,
984 1015 1448 1080 humaniorum
1476 1015 1807 1080 literarum
1835 1016 1906 1079 in
1938 1015 2278 1083 Academia
2304 1022 2546 1087 Franc-

416 1143 700 1208 querana
752 1125 1082 1211 professor
1124 1122 1427 1205 eximius,
1477 1143 1684 1209 quum
1733 1123 1890 1187 alios
1946 1140 2169 1212 poetas
2222 1127 2543 1210 minorent,

417 1227 550 1292 fere
579 1228 777 1294 hodie
805 1231 1130 1318 neglectos
1157 1246 1226 1292 et
1249 1245 1480 1317 parum
1502 1243 1847 1312 tractatos,
1885 1230 2109 1295 critico
2139 1231 2412 1298 lustrare
2443 1235 2545 1298 in·-

415 1333 608 1422 genio
654 1351 722 1398 et
763 1328 1120 1424 expurgare
1153 1334 1495 1399 consuevit
1511 1381 1529 1415 ,
1576 1350 1719 1398 tum
1758 1335 2036 1401 maxime
2068 1338 2390 1404 Avienum
2420 1341 2545 1406 sibi

414 1439 872 1528 expoliendum
931 1441 1210 1528 sumpsit
1236 1489 1255 1522 ,
1332 1440 1773 1529 plurimasque
1829 1442 2419 1512 animadversiones
2474 1448 2542 1510 in

414 1545 592 1609 hunc
629 1563 890 1634 poetam
906 1594 925 1627 ,
973 1546 1194 1611 doctas
1236 1567 1390 1610 sane
1431 1561 1498 1609 et
1538 1546 1887 1613 laboriosas
1903 1596 1921 1624 ‚
1968 1551 2350 1638 conscripsit
2369 1599 2388 1634 ,
2432 1553 2545 1618 sed

413 1649 671 1716 easdem
701 1651 836 1716 fato
879 1675 1003 1716 suo
1041 1668 1435 1740 praeventus,
1481 1667 1597 1715 aut
1626 1650 1764 1715 aliis
1794 1649 2147 1740 impeditus
2175 1657 2546 1744 occupatio-
2640 1682 2648 1700 ·

413 1756 606 1821 nibus
623 1803 642 1838 ,
667 1757 925 1845 reliquit
956 1756 1378 1844 imperfectas.
1410 1756 1733 1820 Notarum
1762 1753 2027 1844 quidem
2054 1759 2393 1824 Schraderi
2427 1761 2544 1826 de·

413 1861 644 1926 libatos
674 1861 992 1948 quosdam
1027 1859 1214 1925 flores
1255 1860 1517 1924 doctiss.
1550 1860 2051 1926 Friesemannus
2092 1864 2160 1927 in
2200 1866 2543 1931 novissima

413 1962 697 2030 editione
729 1964 1196 2053 Descriptionis
1230 1963 1427 2028 Orbis
1457 1980 1647 2030 terrae
1686 1963 1899 2046 dedit,
1940 1967 2008 2029 in
2045 1967 2287 2055 quibus
2328 1985 2541 2036 tamen

413 2087 596 2152 sunt,
626 2094 769 2159 quae
803 2071 1069 2134 Heinsio
1102 2071 1321 2158 potius
1339 2117 1356 2152 ‚
1397 2091 1593 2156 quam
1623 2069 2017 2148 Schradero‚
2054 2067 2405 2156 debentur;
2432 2075 2547 2141 sed

411 2178 866 2267 locupletiores
895 2179 1103 2242 multo
1127 2178 1196 2241 in
1219 2193 1578 2268 utrumque
1600 2177 1826 2240 Avieni
1848 2200 2015 2266 opus
2041 2183 2545 2273 geographicum

411 2285 491 2349 ab
547 2307 625 2350 eo
667 2285 918 2350 relictas
968 2305 1139 2366 esse,
1185 2305 1391 2373 quum
1425 2282 1509 2347 ab
1545 2283 1921 2348 auctoribus
1956 2285 2368 2354 Bibliotheca
2406 2291 2546 2355 Cri·

411 2391 553 2455 ticae
571 2438 590 2473 ,
638 2414 782 2480 quae
828 2388 1292 2455 Amstelodami
1346 2388 1603 2478 prodit,
1660 2389 1916 2453 obitum
1970 2390 2309 2457 Schraderi
2364 2413 2545 2483 parte

413 2498 574 2561 VIII
594 2545 612 2579 ,
660 2520 726 2585 p.
756 2496 909 2578 143,
955 2495 1406 2560 nuntiantibus
1428 2542 1447 2577 ,
1480 2494 1879 2577 didicissem,
1914 2495 2357 2564 adnitentibus
2391 2502 2544 2567 viris

412 2601 772 2666 clarissimis
823 2601 982 2665 mihi
1039 2600 1439 2665 amicissimis
1456 2650 1473 2677 ‚
1526 2600 1877 2665 Laurentio
1927 2600 2269 2686 Santenio,
2321 2621 2388 2670 et
2424 2606 2539 2674 Eva

325 2708 334 2715 ”
413 2706 990 2797 Wassenberghio,
1023 2721 1095 2770 ut
1123 2704 1419 2770 ornando
1451 2706 1565 2769 abs
1604 2728 1708 2769 me
1730 2707 1974 2770 Avieno
2008 2708 2541 2796 concederentur,

413 2813 768 2902 impetravi.
810 2813 1068 2896 Quibus
1101 2811 1368 2901 quidem
1408 2809 1657 2875 traditis
1698 2826 1764 2876 et
1794 2812 2095 2900 inspectis
2136 2834 2541 2904 compertum

414 2934 544 3003 est,
571 2918 896 2985 liberalius
928 2918 1009 2983 de
1041 2942 1121 2984 eo
1154 2940 1350 3006 opere
1384 2916 1623 2980 famam
1658 2938 1794 2981 esse
1824 2917 2201 3005 loquutam;
2238 2943 2389 2985 nam
2422 2946 2543 2987 nec

412 3022 492 3087 in.
508 3040 712 3090 totam
739 3024 1102 3114 Periegesin
1123 3022 1350 3088 Avieni
1377 3022 1643 3113 integrae
1670 3039 1736 3087 et
1761 3024 1951 3111 plane
1972 3024 2311 3090 elaborata}
2327 3028 2539 3092 anim-

411 3130 818 3196 adversiones
841 3178 860 3213 ,
887 3152 1009 3194 nec
1057 3130 1125 3194 in
1181 3130 1380 3193 Oram
1429 3128 1813 3192 maritimam
1837 3176 1856 3207 ,
1887 3128 2009 3193 nisi
2050 3152 2271 3218 paucae
2310 3130 2539 3197 admo-

414 3235 572 3301 dum
598 3254 664 3301 et
689 3252 916 3301 tenues
948 3236 1332 3315 conjecturae
1360 3250 1631 3321 repertae
1654 3248 1849 3316 sunt3
1883 3233 1997 3298 sed
2032 3234 2283 3300 erudita
2308 3238 2542 3304 huma-

413 3342 660 3407 nissimi
701 3340 1224 3431 Wassenberghii
1287 3362 1441 3404 cura
1504 3339 1769 3404 accessit
1788 3387 1805 3421 ,
1870 3341 1985 3435 qui
2040 3345 2542 3411 commentarios

411 3446 748 3513 Schrader-i
799 3446 1098 3511 nondum
1155 3445 1500 3509 exasciatos
1518 3491 1537 3525 ,
1591 3460 1655 3506 et
1710 3442 1991 3530 pericula
2047 3442 2542 3515 adnotationum

411 3554 667 3644 relegit,
694 3536 892 3641 atque
917 3551 1275 3616 accuratius
1313 3550 1557 3639 digesta
1594 3563 1659 3613 et
1704 3548 2087 3615 concinnata
2120 3552 2278 3617 meis
2314 3556 2540 3623 usibus

411 3660 668 3747 aptavit.
727 3658 937 3739 Hujus
983 3657 1184 3747 igitur
1229 3654 1570 3745 diligentiae
1624 3669 1689 3716 et
1740 3653 1943 3718 favori
1992 3654 2268 3723 debetur
2285 3707 2302 3742 ‚
2361 3663 2541 3749 quod

413 3765 992 3832 commentationes
1018 3759 1355 3828 Schrader-i
1374 3811 1392 3837 ‚
1431 3760 1581 3825 alias
1612 3760 1782 3825 forte
1814 3761 2127 3828 oblivioni
2159 3781 2225 3830 et
2258 3769 2544 3833 tenebris

414 3868 826 3954 mandandae,
841 3873 975 3953 jam
997 3871 1064 3935 in
1091 3872 1303 3934 lucem
1324 3868 1770 3948 vindicantur,
1812 3886 1877 3934 et
1906 3870 2066 3935 mihi
2095 3871 2361 3939 facultas
2392 3874 2539 3940 data

414 3994 511 4042 est
527 4024 546 4059 ,
581 3976 1106 4043 adnotationibus
1140 3992 1271 4041 tam
1303 3973 1511 4039 doctis
1531 3973 1850 4038 Avienum
1883 3974 2129 4040 felicius
2164 3976 2541 4047 illustrandi.

415 4084 552 4175 Ego
591 4106 746 4149 vero
791 4084 1143 4149 referendis
1180 4082 1258 4147 iis
1302 4102 1567 4170 operam
1617 4078 1765 4147 dedi
1780 4128 1803 4164 ,
1832 4096 1907 4143 ut
1952 4098 2237 4147 mentem
2278 4100 2541 4149 senten-
