2996 4685
883 340 1079 410 ΑΒΔ
1095 342 1289 409 ΤΕΑ
1336 340 1456 409 PR
1474 338 2089 409 OGNOSTICA.

2403 337 2550 435 619

523 464 774 555 Sponte
810 484 1005 554 grues
1038 459 1379 555 trepidant
1399 512 1420 547 ,
1452 484 1579 530 nee
1613 484 1753 529 sese
1785 458 2146 530 audacibus
2173 459 2392 533 aethrae

525 571 976 641 Committunt
1008 573 1283 667 pennis,
1318 586 1399 641 ut
1430 570 1667 667 longos
1701 596 1874 668 saepe
1903 570 2166 642 volatus

524 686 923 752 Formavere
959 704 1199 776 super3
1228 682 1285 751 si
1316 680 1515 752 solvit
1549 704 1792 752 aranea
1825 704 2043 751 casses
2058 733 2079 769 ‚
2475 702 2549 748 ω

524 794 779 863 Tenuia
808 791 865 861 si
899 808 1043 862 toto
1066 793 1249 863 vehit
1281 796 1528 863 Auster
1561 791 1714 862 licia
1751 790 1914 863 eaelo
1928 844 1948 875 ‚

523 908 687 975 Mox
722 916 1179 998 tempestates,
1204 918 1275 972 et
1308 901 1539 973 nubila
1569 917 1742 973 tetra
1773 902 2056 973 cientur.

622 1010 853 1102 Quid?
872 1015 1133 1108 majora
1164 1035 1441 1083 eanam=
1470 1014 1640 1083 cinis
1681 1036 1768 1083 en
1791 1065 1812 1100 ‚
1835 1010 2006 1081 einis
2031 1012 2174 1105 ipse
2203 1021 2478 1103 repente

529 1124 761 1212 Quum
796 1124 933 1195 coit
950 1177 971 1212 ,
1002 1122 1252 1193 albenti
1285 1125 1403 1193 nix
1442 1138 1654 1194 terras
1679 1124 1879 1193 vestit
1912 1121 2179 1191 amictu.

525 1234 659 1306 Nix
701 1236 920 1329 operit
954 1248 1199 1322 terras,
1228 1232 1447 1304 rutilis
1478 1234 1598 1304 uhi
1633 1231 1886 1303 lumina
1919 1232 2154 1327 prunis
2478 1250 2556 1295 ⁴⁵·

526 1348 804 1415 Summa
838 1345 1119 1432 rubent,
1149 1358 1508 1439 errantque
1545 1346 1732 1415 brevi
1769 1343 2053 1439 ealigine
2083 1362 2322 1413 crassae

526 1455 817 1525 Interius
853 1453 1146 1543 nebulae,
1171 1468 1239 1525 et
1272 1452 1479 1524 denso
1507 1456 1646 1548 jam
1681 1453 1892 1524 fomes
1926 1454 2000 1522 in
2036 1452 2178 1547 igni

528 1566 885 1635 Mareoecit
917 1565 1206 1659 penitus.
1242 1564 1513 1636 Pluvios
1545 1588 1701 1635 mox
1735 1575 1972 1659 arguet
2002 1566 2314 1645 Austros,

529 1675 759 1746 Induit
798 1674 1169 1746 immodicis
1203 1700 1409 1771 quum
1444 1690 1656 1746 semet
1689 1674 1968 1745 floribus
1995 1669 2124 1743 ilex

525 1784 802 1883 [Indiga
834 1808 1001 1856 nam·
1028 1786 1209 1856 succi
1246 1784 1429 1882 ligno
1466 1800 1708 1855 natura
1743 1786 1990 1880 rigenti
2025 1779 2208 1878 est]:
2477 1802 2554 1847 ⁴⁵⁵

526 1898 614 1965 Et
654 1916 862 1991 quum
898 1894 1063 1965 flore
1092 1918 1304 1984 novo,
1328 1918 1540 1990 quum
1571 1894 1845 1964 brachia
1879 1892 2122 1988 glande
2153 1902 2517 1986 gravantur

528 2009 809 2078 Uventis
844 2006 986 2077 caeli
1016 2006 1141 2076 sibi
1178 2006 1591 2074 nutrimenta
1627 2003 1910 2073 latenter

532 2120 786 2213 Sponte
822 2132 1054 2214 parata
1088 2116 1305 2187 docet.
1340 2114 1534 2205 Quin
1567 2130 1635 2185 et
1667 2112 1981 2184 lentiscus
2015 2134 2238 2181 amara

531 2228 860 2297 Indicium
896 2242 996 2298 est
1029 2228 1294 2324 pluviis.
1316 2229 1451 2298 Ter
1476 2225 1688 2297 fetum
1724 2225 2016 2320 concipit
2043 2224 2275 2311 arbos3

528 2341 791 2434 Terque
820 2361 1033 2410 novos
1062 2340 1351 2435 genitrix
1384 2338 1644 2411 fructus
1677 2336 1835 2427 alit3
1861 2338 2136 2434 ipsaque
2171 2334 2353 2406 trino
2477 2353 2555 2396 ⁴⁶0

460 2515 465 2520 .
529 2449 726 2519 Flore
760 2449 1181 2522 renideseens
1212 2453 1347 2522 tria
1376 2467 1685 2546 tempora
1720 2451 1950 2546 prodit
1977 2445 2233 2520 arandi.

529 2563 661 2631 Ter
694 2561 1189 2656 prorumpentis
1221 2560 1421 2630 scillae
1456 2575 1634 2630 teres
1665 2562 1950 2656 erigitur
1987 2559 2114 2629 flos
2133 2611 2153 2644 ‚
2249 2603 2256 2610 -

533 2667 982 2764 Sulcandique
1016 2668 1232 2738 solum
1268 2683 1371 2738 ter
1398 2683 1728 2738 monstrat
1757 2683 2023 2762 tempus
2054 2667 2299 2736 adesse.

630 2781 743 2852 Sic
769 2794 839 2851 et
868 2780 1273 2851 crabronum
1301 2801 1502 2849 rauca
1540 2779 1810 2873 agmina
1853 2779 1909 2846 si
1943 2775 2222 2846 volitare

536 2893 699 2962 Fine
732 2891 855 2961 sub
893 2890 1199 2960 autumni
1232 2891 1656 2984 conspexeris
1689 2887 1932 2960 aethere
1967 2885 2202 2980 longo,
2477 2905 2552 2948 ⁴01·

537 3006 686 3073 Jam
712 3002 1129 3094 vespertinus
1168 3001 1389 3096 primo
1424 3025 1634 3094 quum
1669 3011 2044 3078 commovet
2079 3010 2268 3066 ortus

534 3109 867 3206 Vergilias
908 3109 1145 3206 pelago
1162 3162 1182 3197 ‚
1208 3110 1391 3182 dices
1422 3111 1672 3180 instare
1709 3107 2053 3205 proeellas.
2132 3091 2142 3100 ⁸

441 3335 629 3408 vulgo:
648 3335 798 3387 dms
814 3332 977 3405 petit3
998 3343 1152 3386 terro
1166 3331 1209 3386 ni
1226 3330 1461 3404 denique

440 3431 633 3490 pervus
670 3413 919 3468 Eritheus
956 3410 1205 3466 Succedit
1246 3411 1460 3484 trepido

442 3512 708 3569 composa
730 3511 961 3549 concava
982 3493 1131 3565 rupis
1153 3515 1194 3544 ι.

519 3577 621 3642 443
636 3605 664 3618 ·
688 3576 811 3640 445.
866 3577 971 3624 Nee
1031 3591 1135 3624 sese
1189 3575 1459 3624 audacibus

442 3659 613 3709 ‹⁸thoe
644 3657 955 3710 committant
972 3655 1176 3721 pennis,
1210 3667 1263 3704 ue
1288 3655 1459 3721 longos

441 3753 571 3804 ιαμ
579 3739 776 3788 volatus
788 3739 1075 3786 For-mame
1089 3731 1455 3803 wpenVulgo:

442 3837 467 3860 ι
488 3833 587 3868 nee
609 3831 721 3868 sese
748 3811 999 3868 audacius
1017 3810 1193 3866 athre
1207 3811 1461 3865 Commit-

443 3903 585 3955 tant,
606 3893 783 3967 pinnis
808 3904 869 3946 ut
886 3895 1071 3966 longos
1090 3911 1228 3966 saepe
1252 3893 1459 3947 volatus

444 3971 763 4026 Formavere
778 3991 991 4045 supera.
1096 4002 1103 4011 ·

518 4052 636 4116 448.
668 4056 835 4120 Quid?
858 4058 1053 4124 majora
1082 4063 1301 4104 canam?
1332 4055 1461 4106 Ge‘m's

447 4152 505 4184 en
516 4172 532 4194 ‚
549 4135 669 4185 cinis
696 4136 795 4202 ipse
819 4148 1028 4203 repente.
1053 4133 1133 4186 Ita
1154 4129 1301 4185 dedit
1322 4132 1462 4186 Gro-

1545 3332 1668 3386 tius.
1697 3331 1880 3404 Vulgo
1905 3345 2088 3382 versus
2110 3324 2302 3398 legitur
2317 3319 2532 3374 mutilus
2545 3335 2562 3370 ε

1548 3439 1572 3461 ι
1591 3409 1777 3478 Quid?
1797 3411 1998 3482 majora
2027 3423 2215 3461 canam
2233 3425 2248 3458 ε
2277 3399 2410 3457 cinis
2427 3397 2564 3452 einis

1544 3493 1660 3565 ipse
1686 3502 1904 3564 repente
1917 3515 1959 3540 a.

1619 3573 1744 3639 451,
1767 3569 1885 3635 452.
1905 3573 2184 3634 armatque
2205 3565 2334 3615 brevi
2357 3563 2571 3632 ealigine

1547 3671 1725 3704 crassa
1743 3652 1950 3702 Interius
1973 3650 2176 3699 nebula.
2189 3643 2366 3716 Vulgo
2383 3661 2568 3694 crassa.

1620 3731 1744 3802 457,
1771 3729 1888 3794 458.
1930 3729 2118 3779 Πνεκείε
2141 3728 2250 3778 aeli
2281 3725 2376 3776 sibi
2405 3723 2564 3774 nutri·-

1546 3827 1712 3864 menea
1750 3816 1958 3863 latenter·
1979 3813 2158 3876 Sponte
2180 3819 2368 3873 parata
2408 3805 2562 3856 docet.

1548 3893 1625 3943 Ita
1655 3889 1938 3962 legendum
1961 3887 2094 3940 mihi
2121 3884 2338 3939 videtur.
2351 3882 2564 3954 Vulgo:

1547 3998 1572 4018 α
1590 3969 1811 4024 Uventis
1854 3969 1966 4023 caeli
2001 3969 2100 4022 sub
2139 3964 2456 4020 nutrimenta
2495 3961 2564 4015 la-

1550 4061 1720 4105 tenter
1735 4049 1934 4122 Sponte
1947 4061 2156 4123 operata
2173 4045 2325 4099 docet
2336 4060 2388 4096 a:
2412 4060 2568 4116 quam

1555 4129 1770 4204 quidem
1813 4131 2076 4202 vulgatam
2123 4127 2400 4182 lectionem
2434 4125 2570 4177 Gro-
