2996 4685
834 433 972 499 DE
1032 433 1112 500 R.
1169 432 1505 498 FESTO
1572 432 1991 502 AVIENO.
2396 457 2477 527 17

351 562 478 628 Sed
507 560 772 651 indigna
804 561 1094 651 profecto
1126 560 1264 625 haec
1291 561 1583 649 opinatio
1610 561 1807 625 docto
1833 562 1973 626 viro
2002 578 2099 626 est
2110 562 2268 650 ,qui
2295 562 2484 650 igno-

351 685 486 748 ret,
507 667 590 730 ab
609 666 914 730 omnibus
937 666 1248 730 Romanis
1267 665 1691 753 scriptoribus
1716 663 2304 731 mediterraneum
2289 690 2485 749 mare,

351 790 417 836 et
438 770 900 860 quodcumque
922 771 1273 860 provinciis
1295 772 1613 835 Romani
1600 772 1851 860 imperii
1876 772 2182 855 ambitur,
2204 789 2487 838 nostrum

349 903 524 942 mare
558 877 684 942 «lici
704 927 723 960 ,
754 895 950 966 atque
981 877 1176 959 ade0,
1223 877 1404 967 quod
1438 901 1618 942 oram
1656 879 2005 966 Hispanam
2040 878 2277 961 adluit,
2311 902 2488 944 mare

350 985 442 1050 sic
477 985 840 1074 nuncupari
885 984 968 1048 ab
1010 984 1280 1048 homine
1301 1033 1320 1067 ,
1354 987 1468 1073 qui
1513 987 1579 1048 in
1632 986 1810 1049 ltalia
1854 986 2141 1076 scripsit,
2180 987 2486 1074 potuisse.

349 1093 520 1158 Nolo
553 1091 689 1172 ejus
721 1090 815 1154 rei
861 1089 1190 1155 firmandae
1234 1113 1453 1154 caussa
1498 1091 1962 1156 historicorum
1998 1109 2297 1160 veterum
2316 1141 2336 1175 ,
2370 1093 2487 1181 qui

348 1213 666 1286 perpetuo
699 1197 792 1261 sic
823 1197 1198 1278 nominant,
1244 1197 1386 1260 loca
1420 1198 1788 1280 cumulare,
1824 1196 1937 1262 sed
1970 1220 2109 1262 uno
2143 1198 2493 1287 Pomponii
2526 1237 2531 1244 -

349 1303 564 1383 Melae,
591 1303 706 1390 qui
737 1301 976 1367 diserte
1008 1300 1233 1382 docet,
1262 1317 1613 1366 contentus
1641 1326 1775 1368 eru.
1809 1303 1943 1386 Qui
1980 1320 2329 1392 postquam
2362 1320 2493 1368 ter—

350 1431 486 1472 ram
519 1408 748 1472 ambiri
776 1410 1038 1472 Oceano
1055 1457 1073 1490 ,
1094 1424 1509 1497 quatuorque
1538 1431 1617 1473 ex
1644 1432 1723 1474 eo
1759 1411 1957 1472 maria
1985 1411 2268 1499 recipere
2294 1409 2489 1494 dixit,

309 1535 314 1540 ·
349 1532 786 1603 quartumque
815 1537 892 1578 ex
918 1513 1021 1578 his
1043 1563 1061 1595 ‚
1095 1514 1176 1578 ab
1210 1537 1447 1578 occasu
1478 1531 1853 1603 receptum,
1898 1515 1966 1579 id
2000 1530 2136 1598 est,
2183 1514 2492 1580 mediter-

347 1643 652 1701 raneum,
689 1619 1058 1708 descripsit,
1089 1643 1243 1685 mox
1268 1618 1563 1699 subjicit:
1590 1620 1686 1683 'Id
1714 1645 1899 1696 omne
1928 1645 2059 1710 qua
2088 1626 2297 1707 vem't,
2325 1647 2493 1714 qua-

348 1749 468 1813 que
501 1726 894 1815 dispergitur,
929 1748 1055 1790 uno
1083 1725 1395 1790 vocabulo
1429 1741 1707 1791 nostrum
1739 1751 1914 1791 mare
1948 1729 2337 1818 dispergitur
2373 1729 2487 1818 (1).

349 1831 432 1895 Et
459 1830 553 1894 sic
582 1831 868 1896 Avienus
901 1831 968 1892 in
1002 1830 1451 1917 Description'e
1485 1830 1679 1895 Orbis
1710 1832 2039 1912 nominat,
2068 1858 2127 1897 v.
2159 1834 2313 1919 169:

630 2015 822 2069 Issicus
848 2011 1136 2065 immodico
1163 2009 1337 2064 donec
1361 2011 1509 2064 sinus
1533 2029 1626 2064 ore
1648 2013 1888 2083 patescit,

629 2102 876 2176 AEquoris
899 2113 954 2155 et
977 2100 1144 2154 nostri
1171 2101 1228 2154 fit
1253 2100 1531 2154 terminus.

346 2293 490 2358 Nic.
532 2291 857 2357 Antonius
907 2289 1029 2353 hac
1081 2287 1162 2353 de
1208 2303 1280 2353 re
1324 2285 1663 2352 candidius
1710 2287 1958 2369 judicat
1994 2286 2120 2375 (2),
2172 2305 2237 2353 et
2282 2313 2489 2356 arenae

278 2465 283 2470 ,
347 2398 660 2462 aedificare
690 2420 802 2461 eos
835 2396 1020 2479 dicit,
1059 2396 1174 2483 qui
1218 2396 1330 2460 tali
1376 2396 1627 2458 ratione
1658 2394 1935 2481 probare
1966 2396 2237 2484 patriam
2264 2399 2489 2461 Avieni

349 2504 720 2591 Hispaniam
748 2502 969 2567 velint.
1003 2502 1227 2575 Fuisse
1265 2523 1416 2565 eum
1451 2498 1717 2588 quidem
1758 2500 2109 2588 aliquando
2146 2502 2212 2565 in
2258 2504 2490 2591 Hispa-

349 2611 489 2691 nia,
526 2624 590 2675 et
619 2609 934 2672 nonnulla
967 2607 1106 2687 ejus
1144 2624 1328 2671 terrae
1359 2607 1498 2671 loca
1534 2606 1805 2686 obiisse,
1839 2606 1977 2694 ipse
2007 2607 2285 2672 innuere
2314 2608 2492 2673 vide-

350 2733 458 2781 tur
483 2717 628 2780 Orae
657 2714 865 2777 marit.
888 2735 950 2776 v.
981 2712 1140 2799 273,
1168 2712 1284 2776 ubi
1312 2711 1395 2775 de
1419 2711 1749 2778 Gadibus:

626 2884 737 2937 Nos
758 2882 862 2936 hoc
883 2883 1124 2936 locorum
1144 2924 1160 2949 ,
1191 2895 1382 2955 preter
1405 2882 1631 2934 Hercula
1640 2900 1809 2937 neam.

627 2971 1012 3026 solennitatem
1031 3011 1048 3037 ,
1075 2968 1308 3025 vidimus
1333 2969 1456 3022 miri
1481 2969 1639 3021 nihil.

347 3167 473 3233 Sed
505 3167 642 3230 haec
670 3164 890 3229 videre
928 3181 994 3228 et
1024 3166 1365 3228 observare
1396 3164 1614 3252 potuit
1645 3164 1711 3226 in
1747 3164 2010 3240 itinere,
2046 3165 2215 3228 forte
2252 3166 2316 3226 in
2348 3166 2488 3229 His-

345 3273 604 3362 paniam
647 3292 760 3359 per
797 3271 1203 3334 occasionem
1239 3271 1412 3333 facto
1457 3292 1537 3332 ex
1586 3266 1833 3349 Africa,
1870 3269 1987 3331 ubi
2025 3265 2283 3333 videtur
2314 3262 2487 3332 ‘Pro-

347 3376 759 3441 consulatum
791 3374 1079 3463 gessisse.
1121 3376 1363 3439 Natum
1397 3396 1537 3439 esse
1568 3375 1636 3436 in
1672 3374 1981 3461 Hispania
2020 3388 2086 3437 et
2128 3372 2483 3455 habitasse,

346 3484 501 3548 inde
527 3481 797 3546 minime
824 3480 1146 3558 conjicias.
1191 3482 1511 3544 Caeterum
1548 3480 1651 3543 his
1692 3479 1999 3543 omnibus
2039 3480 2229 3569 nugis
2267 3498 2332 3544 et
2376 3484 2481 3545 in-

346 3590 534 3680 eptiis
581 3586 968 3677 opinionum
1015 3584 1097 3649 de
1142 3586 1342 3672 patria
1391 3602 1456 3648 et
1503 3583 1813 3673 religione
1843 3584 2103 3667 Avieni,
2140 3586 2247 3650 vix
2287 3587 2486 3651 credo

345 3718 742 3786 quemquam
777 3693 1076 3757 futurum
1107 3692 1302 3757 fuisse
1323 3741 1341 3774 ,
1386 3694 1500 3779 qui
1536 3688 1937 3781 indulgeret,
1986 3693 2041 3755 si
2072 3692 2338 3780 quidem
2373 3717 2484 3757 co-

345 3804 598 3891 gnitum
660 3817 725 3863 et
782 3814 1170 3885 usurpatum
1223 3798 1446 3860 fuisset
1500 3797 1977 3860 monimentum
2000 3848 2017 3880 ,
2068 3799 2249 3885 quod
2306 3822 2483 3863 nunc

415 4050 496 4117 (ι)
531 4049 647 4100 Lib.
678 4049 730 4113 1,
757 4067 874 4119 cap.
905 4067 953 4110 1,
986 4049 1067 4100 30.

421 4172 500 4237 (π)
535 4170 671 4223 Bibl.
699 4168 848 4241 Hisp.
880 4169 967 4221 lib.
999 4171 1086 4235 Π,
1118 4186 1233 4241 cap.
1259 4183 1326 4240 9,
1351 4184 1474 4238 pag.
1508 4165 1621 4235 157.

555 4282 638 4348 V.
2212 4298 2249 4339 2
