2996 4685
857 431 983 499 AR
999 431 1249 498 ATEA
1304 430 1521 498 PHAE
1536 428 1903 501 NOMEN
1919 431 1995 498 A.

2358 425 2498 528 539

453 555 678 646 Lapsu
713 554 1038 622 continuo
1077 554 1351 621 ruiturae
1390 553 1458 620 in
1496 577 1780 646 corpora
1814 565 2040 621 nostra

449 667 913 759 Prorumpunt
948 664 1223 750 animae,
1251 664 1625 757 seriemque
1664 687 1785 757 per
1816 662 2063 731 aethera
2101 675 2421 744 nectunt,

381 857 386 866 .
453 775 582 843 Hie
622 775 916 869 primum
961 773 1188 844 Cnidii
1233 773 1495 843 radium
1537 773 1712 842 senis
1745 769 1973 841 intulit
2006 771 2239 854 astriS‚

448 883 939 980 Mortalemque
975 883 1160 980 loqui
1198 883 1429 953 docuit
1462 907 1757 953 convexa
1796 886 2135 952 Deorum:

447 996 592 1066 Cur
628 995 1076 1090 Hyperionios
1113 999 1308 1090 Nepa
1350 993 1909 1064 circumflecteret
1945 993 2168 1089 ignes?
2442 1013 2491 1053 ⁵⁵

447 1105 774 1174 Autumni
817 1104 1037 1174 reditu
1082 1130 1206 1176 eur
1243 1105 1370 1174 sub
1415 1104 1638 1200 gelido
1676 1103 2096 1199 Capricorno

446 1217 693 1283 Bruma
733 1215 1040 1309 pruinosi
1072 1215 1236 1314 juga
1272 1215 1490 1284 tristia
1527 1214 1810 1284 solveret
1845 1213 2047 1283 anni?

447 1328 589 1395 Cur
627 1327 918 1421 spatium
954 1324 1120 1395 lucis
1155 1325 1439 1395 madidae
1476 1351 1631 1395 cum
1669 1340 1971 1420 tempore
2008 1324 2225 1393 noetis

444 1435 650 1505 Libra
683 1435 990 1532 celerque
1018 1437 1207 1507 Aries
1244 1436 1547 1508 dimenso
1584 1435 1879 1533 pondere
1924 1435 2196 1531 Olympi

449 1547 1038 1641 AEquarent?Qua
1072 1562 1263 1642 parte
1301 1547 1496 1643 polus
1530 1545 1884 1616 sublimior
1922 1545 2059 1615 alto
2444 1566 2494 1604 ⁶·

365 1733 370 1737 ,
447 1656 736 1726 Cardine
769 1658 1084 1728 caeruleas
1111 1659 1414 1730 Thetidis
1457 1684 1595 1727 non
1634 1671 1937 1752 tangeret
1973 1654 2235 1725 undas?

442 1767 614 1856 Quis
649 1767 846 1862 polus
883 1767 1252 1838 umbrifero
1287 1767 1489 1838 lateat
1523 1765 1795 1837 declivis
1832 1767 1898 1834 in
1940 1791 2063 1835 axe
2085 1819 2104 1852 ,

443 1879 533 1945 Et
559 1901 728 1971 vaga
773 1876 1026 1974 palanti
1065 1903 1188 1948 cur
1225 1879 1415 1974 signa
1450 1902 1679 1947 errore
1714 1876 2061 1946 ferantur?

447 1987 618 2075 Quae
654 2012 924 2058 rursum
961 1989 1232 2083 ingenio
1276 1989 1703 2084 numerisque
1742 1986 2130 2058 Solensibus
2166 1985 2341 2055 idem

449 2098 713 2192 Jupiter
745 2097 970 2168 efferri
999 2099 1238 2170 melius
1278 2098 1462 2169 dedit
1502 2097 1716 2169 incola
1753 2098 2002 2184 Tauri,
2444 2113 2493 2153 ⁶⁵

443 2209 640 2277 Musa
687 2224 759 2277 ut
795 2211 1160 2304 Cecropios
1197 2224 1546 2304 superaret
1587 2224 1656 2279 et
1688 2203 1913 2279 Aonas
1951 2233 2167 2303 agros,

342 2466 568 2507 aeternos
599 2455 797 2509 animat
833 2456 1128 2529 genitabilis
1163 2468 1311 2513 anus
1331 2482 1374 2509 -.

1462 2458 1615 2529 Nepa
1633 2452 2076 2509 circumflecteret
2100 2451 2251 2525 ignes
2276 2452 2502 2503 Autum-

343 2532 406 2583 ln
444 2531 668 2585 lectione
703 2534 962 2590 Grotiana
1001 2540 1202 2589 oerlterei
1235 2550 1375 2588 artus
1465 2537 1525 2589 ni
1567 2534 1773 2601 reditu3
1808 2554 1907 2588 cur
1945 2534 2049 2588 sub
2092 2532 2269 2605 gelido
2308 2530 2497 2602 Capri-

343 2608 491 2663 haud
534 2609 696 2664 dubie
727 2613 1056 2687 intelligendi
1092 2628 1219 2668 sunt
1255 2614 1377 2687 pul-

344 2706 552 2749 mones,
582 2701 636 2742 et
670 2709 796 2756 cor,
824 2710 946 2763 quo
974 2692 1168 2747 othere
1197 2692 1378 2746 infuso

343 2767 550 2840 spirant
569 2780 623 2821 et
645 2768 850 2841 vigent.

416 2846 503 2902 53.
533 2851 625 2901 Hic
641 2852 856 2919 primum
889 2851 1054 2902 caedi
1079 2854 1274 2902 radium
1305 2870 1384 2902 se-

341 2930 419 2980 nis
453 2919 617 2991 iniuzie,
637 2932 806 2981 aseris.
844 2930 1018 2983 Senex
1051 2928 1279 2985 Cnidius
1306 2942 1386 2984 est

338 3010 612 3070 Eudoxus,
664 3027 697 3061 a
733 3028 845 3082 quo
890 3009 1375 3063 Phaenomenorum

340 3098 714 3157 argumentum
742 3088 948 3160 accepit
972 3091 1195 3153 Aratus,
1227 3091 1384 3163 cujus

339 3166 560 3238 vestigia
579 3166 704 3239 legit
723 3168 971 3222 Avienus.
994 3170 1143 3223 Infra
1166 3188 1219 3222 v.
1243 3189 1338 3223 τοι
1361 3188 1377 3223 =

341 3272 368 3290 ··
396 3244 472 3298 sic
505 3258 710 3299 astrum
746 3246 854 3301 dici
899 3247 1124 3302 Cnidius
1166 3248 1314 3302 dedit
1335 3276 1379 3300 a.

342 3325 498 3379 Cous.
509 3326 540 3378 J
543 3345 620 3379 os.
633 3326 866 3399 Scaliger
879 3326 949 3380 ad
961 3327 1146 3382 Manil.
1161 3333 1376 3383 Astron.

343 3415 454 3458 not.
478 3424 534 3477 p.
568 3404 660 3469 54.

415 3484 499 3538 55.
527 3489 626 3538 Cur
652 3489 970 3555 Hyperionae‘os
994 3492 1137 3555 Nepa
1166 3490 1378 3541 circum-

1467 2634 1634 2669 corno
1656 2616 1853 2668 Bruma
1868 2653 1885 2679 ,
1904 2627 2007 2669 ete.
2023 2640 2049 2660 ο

1542 2694 1630 2748 58.
1656 2699 1752 2747 aar
1774 2697 1984 2763 spacium
2009 2697 2131 2746 lucis
2151 2694 2371 2744 madida·
2390 2708 2500 2741 cum

1472 2788 1683 2853 tempore
1713 2778 1872 2825 noctis
1912 2776 2058 2825 Libra
2097 2776 2325 2838 celer-que
2356 2771 2502 2821 Arios

1474 2855 1695 2904 dimenso
1725 2856 1947 2921 pondere
1984 2854 2177 2919 Olympi
2200 2854 2499 2917 Equmne‚

1475 2950 1541 2985 ex
1567 2930 1741 2984 Grotii
1767 2930 2159 2994 emendatione,
2186 2945 2349 3001 quam
2388 2946 2505 2980 sen-

1475 3030 1566 3065 sus
1596 3010 1895 3064 necessario
1926 3010 2098 3080 exigit.
2115 3008 2298 3081 Vulgo
2322 3024 2337 3060 t
2364 3032 2389 3053 e·
2406 3024 2503 3059 cur

1473 3092 1711 3165 spatium
1754 3089 1885 3143 lucis
1907 3130 1923 3156 ,
1965 3086 2191 3142 madida!
2234 3105 2331 3140 cnr
2374 3097 2509 3139 tem·

1467 3190 1602 3245 pora
1642 3171 1814 3225 noetis
1864 3170 2026 3222 Libra
2067 3168 2313 3241 celei-qne
2350 3166 2502 3219 Aries

1468 3252 1715 3305 demerso
1760 3248 2002 3323 pondere
2040 3248 2259 3321 Olympi
2302 3248 2505 3318 AEqua·

1469 3344 1589 3386 rent
1602 3372 1618 3393 ,
1634 3343 1732 3385 etc.
1748 3355 1774 3376 ι·

1540 3416 1609 3476 64
1627 3448 1643 3474 ,
1671 3410 1758 3463 65.
1788 3416 1913 3479 Quoe
1946 3426 2137 3460 rursum
2174 3408 2375 3476 Ingenio
2402 3426 2497 3458 nu·

1469 3494 1711 3559 marisque
1736 3492 2013 3543 Solensibus
2052 3490 2181 3539 idem
2208 3488 2397 3554 Jupiter
2425 3486 2501 3554 ef-

324 3568 562 3633 flecteret
594 3570 740 3635 ignes
761 3590 781 3629 ,-
817 3570 1058 3620 Autumni
1098 3572 1256 3620 reditu
1291 3588 1384 3620 cur
1452 3573 1591 3639 ferri
1614 3571 1785 3622 melius
1819 3570 1959 3621 dedic
1990 3570 2157 3619 ἰποοὶα
2187 3566 2353 3617 Tanti.
2376 3562 2507 3636 Spe·

341 3648 428 3697 sub
445 3648 618 3714 gelido
640 3650 938 3715 Capricorno
965 3654 1166 3699 Bruma.
1194 3648 1270 3699 Ita
1299 3667 1381 3701 re-

345 3738 428 3777 cte
453 3724 694 3778 distinxit
719 3725 956 3780 Grotius.
997 3727 1137 3781 Nam
1165 3746 1380 3780 enume-

343 3816 426 3857 rat
446 3805 684 3858 Avienus
705 3806 925 3859 solstitia
951 3818 1005 3860 et
1029 3806 1376 3879 aqninoctia;

343 3883 522 3955 itaque
560 3904 775 3940 necesse
815 3899 894 3939 est
928 3906 1020 3959 per
1055 3892 1246 3957 Nepam
1289 3888 1378 3941 hic

347 3967 588 4015 Cancrum
621 3966 1010 4037 intelligamus;
1051 3967 1244 4021 Cancri
1283 3986 1377 4021 au-

343 4054 447 4095 tem
489 4044 864 4116 aequinoctium
909 4046 966 4098 in
1010 4046 1124 4119 ipsa
1167 4058 1378 4113 astate,

1468 3661 1577 3703 etat
1602 3648 1709 3702 hoc
1734 3647 1803 3701 ad
1836 3648 2057 3700 Aratum
2073 3686 2089 3711 ,
2112 3644 2277 3707 Solis,
2300 3642 2497 3697 Cilici-

1469 3730 1603 3783 urbe
1621 3766 1637 3792 ,
1665 3726 1971 3782 oriundum.
2000 3727 2215 3779 Taurus
2240 3736 2318 3779 est
2348 3742 2499 3777 mons

1469 3810 1527 3862 in
1546 3808 1747 3863 Cilicia.
1765 3806 2015 3860 Similiter
2036 3806 2091 3858 in
2114 3805 2336 3879 gratiam
2352 3804 2500 3858 Arati

1469 3890 1539 3943 de
1566 3890 1827 3945 Cilicibus
1851 3891 2032 3945 Manil.
2055 3895 2263 3944 Astron.
2284 3890 2309 3942 1
2326 3931 2342 3957 ,
2364 3888 2464 3955 39²
2486 3906 2499 3939 :

1469 3996 1490 4017 ι
1501 3970 1701 4024 Montis
1722 3972 1790 4025 ab
1809 3971 2019 4026 excelso
2035 3972 2373 4043 speculentur
2388 3986 2501 4021 ver-

1467 4050 1575 4103 tice
1598 4051 1763 4104 Tauri
1789 4052 2025 4103 Eventus
2052 4051 2267 4123 frugum
2295 4048 2466 4102 varios
2482 4086 2497 4111 ,

341 4142 452 4175 non
491 4124 546 4177 in
584 4136 846 4179 autumno
886 4138 982 4179 est.
1032 4128 1174 4180 Male
1207 4127 1369 4199 vulgo
1459 4142 1519 4182 et.
1544 4142 1785 4204 tempora
1812 4130 2005 4184 dicunt
2022 4156 2063 4181 a.

341 4201 676 4275 distinguitur
709 4224 722 4258 :
802 4232 825 4251 ι·
849 4206 958 4259 Cur
1009 4206 1368 4279 Hyperionios

1531 4214 1614 4264 66.
1653 4216 1803 4263 Musa
1838 4226 1891 4262 ue
1936 4212 2187 4277 Cecropios
2243 4223 2497 4275 superaret
