2996 4685
523 401 615 472 36
697 387 702 392 ’
956 399 1088 466 DE
1150 397 1783 469 CARMINIBUS
1844 399 2211 470 AVIENI.

519 527 979 597 declarandum
1027 527 1240 616 operis
1287 525 1369 590 de
1411 527 1543 591 Ora
1584 527 1901 592 maritima
1944 551 2221 616 scopum
2268 528 2501 592 inutile
2534 531 2655 613 sit,

517 657 806 727 quaerere
821 683 839 716 ,
871 658 1016 723 quae
1047 655 1271 698 caussa
1303 633 1531 714 fuerit,
1564 657 1685 698 cur
1724 651 1790 698 ct
1829 634 2089 699 Probus
2114 637 2370 716 juvenis
2407 634 2487 700 de
2520 637 2663 720 situ,

403 757 418 766 '
519 743 712 808 maris
733 741 1016 808 Moeotici
1039 757 1171 804 tam
1203 740 1454 804 curiose
1479 756 1823 827 quaereret,
1852 757 1915 803 et
1935 741 2223 807 Avienus
2237 790 2255 824 ,
2284 743 2399 830 qui
2426 765 2653 830 paren-

517 851 600 916 tis
627 850 696 912 in
732 849 860 912 hoc
891 846 1186 911 officium
1217 867 1286 910 se
1318 861 1619 934 praestare
1652 846 1743 910 ait
1762 893 1781 929 ,
1816 861 1949 910 tam
1982 869 2251 934 operose
2280 863 2345 912 et
2372 845 2649 938 diligen·

517 973 636 1038 ter,
661 956 906 1045 quippe
941 955 1140 1043 longo
1183 951 1466 1016 carmine
1500 950 1827 1016 elaborato
1844 998 1863 1034 ,
1901 951 2429 1039 respondendum
2456 971 2649 1042 puta-

515 1077 634 1128 ret.
673 1061 787 1138 Et,
838 1060 960 1124 nisi
1009 1059 1196 1149 plane
1235 1058 1459 1139 fallor,
1504 1057 1641 1123 haec
1698 1079 1921 1123 caussa
1980 1057 2124 1122 fuit.
2190 1059 2343 1122 Erat
2392 1059 2653 1123 Probus

510 1168 800 1249 juvenis,
831 1167 944 1254 qui
985 1165 1227 1253 quibus
1265 1163 1633 1229 honoribus
1682 1180 1749 1228 et
1794 1163 2035 1228 divitiis
2083 1164 2353 1228 eluxerit
2392 1181 2649 1252 postca,

514 1273 850 1361 superiore
893 1272 1040 1336 loco
1079 1271 1424 1336 docuimus
1441 1318 1460 1353 ,
1505 1294 1587 1336 ex
1625 1293 1699 1336 ea
1740 1287 1967 1360 gente,
2002 1293 2147 1358 quae
2183 1271 2462 1354 Aniciis,
2495 1271 2647 1336 Clo-

513 1379 636 1445 diis
657 1425 682 1460 ,
727 1377 1073 1458 Flavianis,
1115 1375 1686 1466 Hermogenianis,
1734 1376 2017 1464 Olybriis
2060 1376 2348 1464 ipsisque
2386 1377 2653 1442 Avienis

511 1486 784 1566 innexa,
819 1483 1112 1572 ingentes
1149 1481 1400 1546 divitias
1434 1497 1500 1546 et
1532 1482 1923 1569 amplissima
1952 1482 2341 1571 patrimonia
2365 1505 2481 1571 per
2506 1505 2651 1547 om·

513 1613 628 1656 nes
680 1590 818 1654 fere
869 1589 1148 1652 Romani
1195 1588 1448 1676 imperii
1500 1589 1864 1676 provincias
1885 1635 1904 1670 ,
1954 1591 2117 1654 mari
2172 1588 2649 1654 mediterraneo

511 1693 1070 1775 circumjacentes,
1110 1691 1514 1780 possidebat,
1564 1709 1630 1757 et
1671 1694 1811 1757 sine
1852 1693 2056 1759 dubio
2104 1709 2203 1758 tot
2243 1695 2647 1758 Praefectutis

511 1804 615 1868 Pr.
659 1801 946 1866 Orientis
965 1849 984 1883 ,
1029 1800 1226 1864 Italiae
1243 1849 1260 1882 ,
1317 1799 1556 1886 Illyrici
1598 1800 1913 1864 continuo
1956 1801 2148 1890 gestis
2192 1798 2645 1888 adquisiverat.

512 1912 592 1974 ln
628 1909 822 1974 Ponti
857 1905 1168 1971 tractibus
1209 1907 1422 1994 ampla
1455 1905 1759 1969 habuisse
1795 1906 2033 1994 praedia
2055 1955 2074 1989 ,
2108 1907 2363 1971 Pontici
2403 1929 2645 1973 nomen

511 2015 826 2099 declarat,
860 2013 1280 2102 Hermogeni,
1307 2012 1619 2076 Praefecto
1652 2011 1757 2078 Pr.
1787 2013 2074 2078 Orientis
2092 2061 2111 2088 ,
2146 2036 2183 2076 a
2213 2036 2347 2100 quo
2368 2015 2649 2078 Hermo-

509 2122 768 2211 geniani
796 2119 1148 2200 nominati,
1167 2119 1522 2200 tributum,
1549 2117 1619 2180 in
1635 2117 1941 2198 Thracia,
1967 2118 2219 2206 Olybrii
2242 2117 2356 2206 (1).
2384 2118 2649 2183 Anicios

508 2229 646 2292 fere
683 2227 859 2291 solos
905 2226 1215 2290 maximas
1261 2247 1418 2312 opes
1454 2222 1786 2311 possidere
1826 2224 2051 2288 scribit
2082 2225 2381 2288 Zosimus
2405 2226 2535 2312 (α),
2578 2243 2647 2291 et

515 2333 747 2413 Casas,
781 2331 994 2396 villam
1025 2331 1404 2395 Aniciorum
1439 2329 1511 2393 in
1546 2329 1775 2393 Africae
1814 2329 2079 2419 regione
2112 2330 2359 2419 Syrtica
2397 2356 2645 2399 memo-

508 2458 608 2505 rat
667 2439 1080 2505 Itinerarium
1131 2440 1368 2503 Anton.
1419 2438 1797 2501 Flavianum
1855 2436 2288 2526 Myrmecium
2334 2464 2523 2529 agros
2579 2458 2645 2506 et

507 2544 744 2635 praedia
777 2546 847 2609 in
869 2544 1140 2610 Taurica
1170 2544 1506 2624 habuisse,
1554 2565 1922 2632 cognomen
1954 2543 2276 2627 ostendit3
2322 2547 2393 2609 in
2426 2546 2643 2611 Africa

509 2668 576 2716 et
606 2652 848 2735 Iberia,
884 2652 1167 2716 Avienus
1201 2666 1425 2715 noster
1461 2649 1531 2711 in
1563 2650 1849 2713 carmine
1889 2665 2180 2715 testatur.
2216 2650 2641 2735 Musoniatm,

509 2782 707 2847 quem
743 2759 960 2848 ipsum
995 2758 1221 2821 Avieni
1265 2756 1472 2837 nostri
1517 2770 1871 2844 cognatum
1921 2772 2085 2843 puto
2107 2803 2127 2838 ,
2163 2780 2349 2848 agros
2392 2760 2461 2822 in
2504 2761 2645 2825 Asia

509 2866 746 2946 fuisse,
777 2865 995 2929 innuit
1027 2863 1455 2952 Symmachus
1483 2860 1602 2949 (3).
1650 2860 1954 2949 Denique
2003 2860 2085 2925 de
2133 2862 2308 2950 ipso,
2350 2864 2467 2951 qui
2510 2864 2649 2929 haec

499 2972 756 3054 juvenis
790 2970 1117 3061 quaesivit,
1147 2968 1458 3033 Petronio
1493 2966 1735 3049 Probo,
1754 2966 1939 3032 Praef.
1969 2966 2072 3031 Pr.
2090 3013 2109 3048 ,
2132 2969 2350 3032 Amm.
2382 2966 2651 3034 Marcel-

509 3078 681 3143 linus
723 3076 919 3141 tradit
967 3074 1092 3163 (4),
1145 3096 1360 3162 sparsa
1408 3094 1526 3161 per
1574 3072 1955 3135 universum
2000 3073 2229 3137 orbem
2276 3074 2645 3138 Romanum

507 3182 892 3271 patrimonia
923 3180 1248 3245 habuisse.
1281 3180 1416 3243 Iam
1462 3200 1629 3267 puer
1674 3176 1948 3259 nobilis,
1984 3179 2098 3265 qui
2149 3192 2247 3241 tot
2294 3200 2645 3269 regnorum

509 3304 574 3353 et
609 3288 908 3353 villarum
952 3284 1260 3349 dominus
1309 3284 1574 3346 futurus
1616 3298 1782 3363 erat,
1815 3282 1930 3369 qui
1965 3280 2361 3370 praediorum
2400 3287 2647 3351 multo-

507 3418 652 3458 rum
671 3442 691 3474 ,
721 3416 866 3482 quoe
923 3390 1194 3481 gentiles
1249 3388 1352 3451 sui
1402 3409 1521 3476 per
1574 3384 1853 3452 diversas
1908 3405 1975 3453 et
2028 3388 2415 3481 longinquas
2469 3392 2645 3457 orbis

508 3501 791 3565 Romani
821 3516 1024 3563 terras
1057 3494 1404 3575 tenebant,
1434 3494 1541 3557 vix
1572 3493 1839 3557 nomina
1870 3510 2123 3579 tenere,
2153 3497 2397 3563 nedum
2430 3500 2645 3587 regio-

511 3628 626 3671 nes
659 3622 727 3669 et
755 3606 918 3668 situs
953 3615 1208 3691 poterat
1227 3648 1248 3682 ,
1291 3599 1432 3682 hic,
1481 3600 1721 3663 mirum
1754 3622 1889 3664 non
1914 3619 2045 3685 est,
2070 3604 2127 3669 si
2158 3602 2244 3671 de
2270 3603 2643 3692 regionibus

579 3854 656 3923 (r)
691 3851 819 3904 vid.
841 3850 1142 3917 Reinesius,
1177 3850 1341 3923 Epist.
1370 3850 1439 3905 ad
1469 3852 1604 3924 Rup.
1634 3870 1750 3924 pag.
1784 3856 1906 3919 ⁶4¹-

577 3954 658 4021 (τι)
693 3932 808 4004 Lib.
829 3950 936 4015 vl,
971 3966 1085 4021 cap.
1113 3966 1164 4019 7.

575 4048 658 4119 (3)
692 4048 857 4119 Epist.
881 4047 973 4099 lib.
995 4046 1106 4113 111,
1141 4046 1230 4101 53.

566 4144 654 4213 (4)
692 4144 810 4199 Lib.
842 4142 1086 4208 xxvu,
1122 4160 1240 4214 cap.
1271 4159 1349 4195 n.
