2996 4685
488 377 625 448 516

1244 383 1321 446 R.
1373 383 1443 447 F.
1502 379 1856 448 AVIENI

576 499 865 568 Solverit
906 515 1022 568 ant
1064 500 1315 593 Libyco
1354 525 1556 594 quam
1598 500 1785 568 laetus
1825 501 2050 569 navita
2097 519 2317 596 portu.

579 609 705 677 Sed
748 608 969 678 forsan
1008 634 1155 702 quae
1198 611 1365 698 sint,
1400 635 1550 705 quae
1587 636 1856 704 poscam
1893 610 2098 697 mala,
2139 614 2477 708 requiras:

579 717 697 788 Illa
738 744 975 812 precor
1011 721 1269 804 mittas,
1312 721 1522 815 spisso
1567 723 1814 815 quibus
1854 738 2036 792 arcta
2073 725 2362 795 cohaeret

582 831 968 897 Granorum
1007 829 1221 898 fetura
1264 831 1432 918 situ,
1470 833 1834 926 castrisque
1871 832 2202 922 sedenteS‚

584 942 677 1007 Ut
712 939 1014 1032 quaedam
1053 953 1319 1026 turmas,
1348 938 1532 1009 socio
1569 939 1738 1008 latus
1773 943 2042 1036 agmine
2069 945 2436 1038 quadrant,

578 1048 1161 1143 Multiplicentque
1196 1041 1474 1120 trahunt
1517 1075 1635 1144 per
1673 1066 1906 1120 mutua
1945 1051 2188 1122 vellera
2224 1053 2504 1148 pallam,

580 1161 774 1230 Unde
814 1159 1027 1254 ligant
1064 1175 1327 1228 teneros
1364 1162 1665 1228 examina
1703 1161 2005 1229 flammea
2043 1187 2274 1231 casses,

574 1275 765 1340 Tunc
802 1295 888 1339 ne
930 1294 1151 1364 pressa
1188 1271 1375 1363 gravi
1418 1269 1542 1340 sub
1583 1270 1878 1363 pondere
1911 1295 2118 1364 grana
2154 1271 2554 1366 liquescant,

482 1441 721 1516 prooemii
748 1442 871 1494 mei.
894 1441 1061 1495 Navis
1100 1441 1335 1496 Flaviani
1368 1441 1498 1494 hinc

478 1543 677 1576 merces
711 1521 1019 1594 deportabat
1060 1523 1383 1576 Corinthum
1400 1559 1417 1587 ,
1444 1535 1500 1574 ct

471 1603 603 1656 inde
626 1604 1115 1657 Ostiam.-Hiberia
1130 1605 1283 1654 dives.
1302 1603 1501 1667 Quam-

476 1685 556 1736 vis
574 1685 709 1738 bene
728 1683 797 1736 de
815 1683 988 1736 Iberia
1004 1682 1247 1735 orientali
1270 1682 1374 1734 hoc
1392 1681 1498 1754 epi-

475 1763 659 1816 theton
681 1763 841 1834 possit
857 1761 1093 1832 intelligi,
1112 1759 1403 1814 notandum
1422 1772 1501 1812 ta-

476 1862 599 1897 men
616 1843 741 1896 alias
759 1840 1143 1895 occidentalem
1168 1839 1398 1892 Iberiam
1422 1842 1497 1890 di-

473 1926 614 1975 vitem
630 1924 827 1976 Nostro
840 1915 949 1974 dici
964 1957 979 1984 ‚
1010 1921 1189 1972 Descr.
1206 1917 1273 1972 O.
1286 1937 1336 1972 v.
1360 1923 1492 1989 479:

478 2002 672 2054 «tellus
701 1999 942 2053 ibi-dives
956 1998 1213 2050 Hiberum
1235 2023 1277 2049 ι.
1308 1997 1409 2049 Ει).

553 2088 631 2144 14.
684 2079 962 2132 Granorizm
998 2079 1176 2147 fetura
1220 2081 1333 2129 situ.
1375 2079 1494 2127 Sina

467 2161 599 2231 legit
622 2159 873 2212 Heinsius
900 2158 957 2208 in
984 2156 1129 2209 curis
1158 2155 1403 2208 secundis
1427 2154 1494 2208 ad

472 2242 759 2292 Auctorem
808 2235 1055 2288 carminis
1100 2233 1169 2286 dc
1208 2233 1485 2294 Phoenice,

473 2339 526 2373 v.
554 2317 677 2371 125:
699 2328 752 2369 et
772 2333 867 2385 per
885 2317 1103 2375 vellera,
1116 2331 1167 2365 v.
1190 2315 1279 2373 16,
1298 2311 1493 2365 intelli·

474 2398 551 2467 git
585 2395 845 2465 tegmina,
863 2392 1055 2463 quibus
1098 2391 1335 2443 involuta
1364 2404 1491 2443 sunt

472 2474 795 2528 Punicorum
818 2471 1080 2523 malorum
1097 2506 1112 2533 ,
1126 2488 1241 2541 quse
1260 2470 1364 2522 hoc
1380 2489 1493 2523 car-

471 2554 617 2607 mine
644 2551 1034 2613 describuntur,
1054 2568 1226 2617 grana
1245 2589 1261 2614 ‚
1284 2548 1353 2602 de
1373 2549 1489 2620 qui-

470 2636 569 2687 bus
594 2630 720 2687 vide
766 2627 1013 2683 eumdem
1056 2627 1122 2681 ad
1162 2627 1319 2683 ovid.
1358 2629 1488 2681 Met.

471 2714 521 2765 X
542 2754 557 2779 ‚
580 2712 681 2783 736
705 2729 718 2764 ε
739 2709 872 2763 illud
888 2708 1053 2762 vellus
1096 2712 1287 2761 Cice-um
1310 2708 1489 2763 vocari

473 2792 633 2847 tradit
650 2792 837 2844 Festus
858 2807 873 2842 ε
894 2814 916 2835 ι
928 2788 1165 2854 Ciccum,
1184 2788 1489 2841 membrana

472 2872 647 2925 tenuis
671 2870 939 2923 malorum
966 2866 1285 2919 Punicorum
1300 2886 1360 2919 n:
1396 2868 1488 2919 ubi

472 2950 576 3003 vid.
604 2950 792 3020 Scalig.
819 2950 997 3000 Bonn-
1022 2978 1093 2987 —
1124 2945 1285 3011 Quod
1312 2945 1489 3001 firmat

468 3028 663 3082 Isidori
688 3026 1043 3079 Glossarium:
1068 3050 1093 3071 ‹-
1122 3028 1337 3086 eiacum,
1362 3027 1487 3079 mali

468 3106 671 3180 granati
692 3106 997 3159 membrana
1014 3123 1067 3169 ιη
1092 3104 1201 3156 sive
1221 3116 1281 3156 ut
1301 3102 1351 3155 in
1374 3106 1486 3157 aliis

466 3188 637 3241 Gloss.
668 3182 1041 3254 manuscriptis
1068 3182 1261 3251 legitur
1286 3200 1299 3233 :
1334 3206 1358 3229 ι
1382 3185 1487 3235 Cic-

471 3287 581 3319 cum
598 3306 613 3329 ,
642 3276 819 3319 cortex
846 3262 975 3315 mali
1000 3261 1207 3333 granati
1230 3286 1253 3307 a·
1282 3278 1296 3312 :
1330 3262 1399 3314 ab
1425 3280 1489 3316 eo

464 3345 809 3418 proverbium
838 3354 915 3396 est
953 3368 978 3387 a
1003 3342 1208 3393 ciccum
1235 3338 1380 3393 haud
1406 3340 1487 3393 in-

460 3424 693 3480 terduim
714 3448 737 3471 ι
758 3462 774 3489 ,
821 3418 967 3493 quod
1012 3438 1042 3471 e
1082 3418 1270 3471 Plauto
1313 3418 1488 3473 adfert

462 3507 652 3571 Varro,
670 3502 737 3557 de
756 3502 911 3571 Ling.
933 3501 1052 3553 Lat.
1068 3498 1160 3550 lib.
1184 3499 1281 3561 vl,
1305 3517 1357 3567 p.
1378 3500 1444 3551 80
1468 3518 1481 3551 :

461 3612 487 3631 υ
513 3585 734 3639 Ciccum
755 3581 999 3635 dicebant
1017 3578 1380 3631 membranam
1406 3590 1481 3631 te-

464 3682 625 3716 nuem
640 3700 657 3725 ,
683 3678 803 3731 qun
821 3669 899 3713 est
920 3658 975 3709 in
998 3656 1137 3709 malo
1157 3657 1359 3711 Punico
1380 3656 1481 3712 dis-

462 3743 685 3806 crimen,
709 3759 739 3791 a
765 3758 875 3810 quo
897 3736 1054 3790 etiam
1086 3736 1297 3789 Plautus
1319 3736 1475 3791 dicit:

457 3846 482 3867 κ
504 3818 667 3885 Quod
706 3816 845 3870 volet
872 3816 1097 3868 densum
1126 3815 1331 3870 ciccum
1373 3836 1480 3869 nou

457 3897 697 3953 interduo
723 3920 764 3946 ιι.
788 3894 985 3947 Gallice
1007 3914 1073 3944 un
1104 3909 1249 3947 uste.
1272 3895 1371 3947 Eo.

532 3977 610 4031 15.
642 3976 782 4027 Soea‘o
810 3978 939 4025 latus
967 3976 1169 4041 agmine
1198 3978 1472 4040 quadrant,

452 4078 519 4111 ex
560 4052 812 4118 Horatio,
848 4051 941 4103 lib.
971 4050 1029 4115 1,
1067 4050 1235 4121 Epist.
1270 4054 1334 4116 6,
1376 4052 1474 4115 35,

448 4166 471 4185 .
492 4150 543 4191 et
570 4152 689 4208 qua
724 4150 845 4203 pars
880 4126 1109 4201 quadret
1144 4148 1396 4183 acervum
1422 4156 1473 4199 .,

1589 1441 1774 1495 desum
1781 1455 1929 1514 ptum
1949 1443 2170 1514 nutabat
2180 1442 2616 1518 Oudendorpius,

1589 1522 1682 1592 qui
1716 1533 1892 1574 tamen
1930 1526 2172 1575 claudunt
2203 1522 2300 1574 hio
2329 1523 2614 1593 legendum

1589 1599 1920 1673 conjiciebat.
1950 1601 2136 1654 Bmutr.
2161 1633 2226 1642 —
2258 1605 2509 1668 Quadrati
2530 1603 2613 1656 di-

1587 1693 1805 1744 cuntur,
1820 1699 1938 1752 quae
1963 1699 2030 1732 ex
2051 1681 2198 1732 omni
2219 1693 2368 1751 parte
2394 1683 2609 1754 equali-

1588 1769 1667 1812 ter
1695 1769 2412 1832 apteque'coagmentantur,
2440 1779 2611 1833 eoque

1585 1839 1870 1909 perfectam
1901 1838 2128 1890 sormam
2153 1838 2446 1910 accipiunt,
2461 1839 2612 1897 adlu-

1588 1916 1838 1988 diturque
1885 1915 1952 1970 ad
2003 1917 2231 1970 formam
2279 1929 2572 1972 castrorum
2593 1959 2610 1982 ‚

1584 2015 1702 2068 quae
1719 2013 1892 2068 quum
1928 1993 2206 2058 universa,
2239 2007 2352 2049 tum
2391 1996 2610 2070 singulis

1583 2076 1639 2127 in
1693 2075 2045 2128 divisionibus
2065 2114 2082 2138 ,
2121 2088 2275 2128 erant
2329 2072 2606 2149 quadrata.

1588 2180 1610 2202 ι
1624 2153 1962 2220 Quadrandae
1988 2155 2242 2208 orationis
2256 2154 2600 2210 industriam„

1584 2235 1710 2288 dicit
1733 2234 1846 2286 Cic.
1871 2234 1922 2287 in
1951 2236 2100 2288 Orat.
2126 2253 2238 2305 cap.
2267 2237 2350 2290 58.

1658 2317 1737 2366 16.
1792 2319 1885 2365 Per
1932 2328 2102 2365 mutua
2149 2317 2342 2367 vellera
2387 2317 2604 2384 pallam.

1581 2393 1829 2446 Heinsius
1881 2393 2196 2467 conjiciebat
2230 2411 2246 2447 .·
2299 2418 2324 2439 ι
2351 2393 2606 2466 Multipli-

1579 2490 1802 2543 cemque
1831 2472 2049 2525 trahunt
2076 2492 2172 2544 per
2203 2485 2383 2525 mutua
2409 2474 2606 2528 vellera

1581 2550 1735 2603 telam
1759 2578 1800 2602 ιι.
1829 2552 2016 2605 Bunsr.
2053 2583 2122 2592 —
2164 2553 2405 2607 Fortasse
2425 2558 2604 2621 pellem

1580 2629 1862 2701 legendum
1891 2643 2000 2695 est,
2027 2631 2178 2703 quasi
2203 2633 2516 2700 tentorium,
2546 2648 2606 2687 ut

1577 2728 1759 2765 rursus
1781 2710 2067 2763 adludatur
2087 2710 2154 2764 ad
2187 2725 2356 2765 castra
2380 2723 2432 2764 et
2461 2731 2604 2766 exer-

1579 2789 1744 2842 citum
1757 2830 1774 2857 ,
1795 2790 1888 2861 qui
1917 2789 2092 2842 hieme
2119 2794 2205 2841 sub
2223 2795 2431 2859 pellibus
2451 2811 2605 2859 agere

1580 2866 1788 2921 dicitur.

1653 2966 1732 3018 17.
1759 2952 1898 2999 Unde
1922 2951 2082 3019 ligant
2099 2962 2288 3001 teneros
2307 2970 2374 3001 ex
2401 2954 2603 3020 agmine

1558 3030 1804 3093 flammea
1847 3048 2014 3080 casses
2037 3050 2055 3079 .·
2093 3028 2168 3081 sic
2207 3030 2412 3083 Veneta
2453 3029 2600 3083 vict.

1579 3106 1771 3166 Pisani,
1805 3118 1859 3159 et
1891 3106 2076 3159 Pithoei
2103 3106 2278 3161 editio.
2313 3112 2380 3160 Ee
2399 3112 2604 3177 agmine

1577 3184 1694 3237 cod.
1718 3187 1868 3237 Voss.
1899 3187 2012 3258 lege
2033 3189 2272 3239 examina
2297 3205 2420 3240 cum
2437 3186 2600 3241 Hein-

1579 3266 1681 3328 sio,
1704 3276 1756 3316 et
1779 3264 1940 3317 Vlitio
1966 3264 2034 3318 ad
2063 3266 2268 3320 Nemes.
2289 3268 2485 3337 Cyneg.
2505 3284 2600 3333 9¹.

1579 3344 1673 3416 qui
1725 3355 1866 3397 recte
1913 3356 2088 3399 censet
2127 3346 2400 3413 eaeagmina
2447 3344 2599 3417 prius

1577 3422 1828 3493 scriptum
1855 3441 1966 3476 esse
1997 3441 2092 3493 pro
2127 3426 2366 3475 examina
2385 3445 2404 3475 .·
2443 3436 2494 3475 et
2521 3424 2599 3477 sic

1578 3502 1776 3553 Reiues.
1819 3502 1872 3552 in
1923 3500 2193 3555 Addendis
2239 3500 2596 3575 Epistularum

1568 3579 1636 3632 ad
1656 3580 1841 3631 Daum.
1861 3585 2154 3649 Sea-angula
2175 3581 2335 3635 etiam
2357 3584 2596 3654 conjece-

1570 3671 1650 3713 rat
1674 3658 1935 3713 Heinsius.
1965 3660 2450 3733 Buast.—-Reposui
2473 3682 2597 3714 exa-

1569 3742 1705 3791 mina
1727 3743 2004 3813 flammea,
2047 3741 2078 3794 i.
2115 3761 2163 3795 e.
2199 3760 2361 3813 grana
2399 3742 2556 3795 rutila
2577 3782 2595 3807 ‚

1573 3816 2019 3890 quemadmodum
2037 3820 2352 3885 Columella,
2373 3820 2443 3887 X,
2457 3823 2556 3884 243
2577 3840 2594 3874 :

1581 3924 1602 3944 a
1621 3898 1777 3951 arbos
1799 3898 2019 3962 Punica,
2046 3917 2166 3969 quae
2188 3900 2348 3953 rutilo
2375 3898 2598 3952 mitescit

1567 3976 1795 4047 tegmine
1815 3978 2026 4047 grani-0.
2050 3982 2207 4030 calles
2227 3998 2328 4051 pro
2352 3998 2516 4047 casses
2539 3978 2596 4031 in

1566 4068 1705 4109 textu
1733 4054 2026 4107 Burmanni
2053 4068 2254 4123 exstat,
2282 4058 2501 4111 fortasse
2525 4055 2594 4108 vi-

1565 4134 1639 4187 tio
1661 4150 1965 4205 operarum.
