2996 4685
478 299 616 395 394
1153 299 1686 369 Excnsssus
1737 303 1925 370 vm

476 443 880 513 gemmarum
915 421 1209 508 inprimis
1245 421 1458 509 perito
1489 423 1777 509 profecta
1810 424 1943 488 sint
1962 471 1979 504 ‚
2016 447 2054 488 a
2098 448 2279 491 mero
2320 427 2617 519 Geogra-

475 525 610 614 pho
653 547 789 588 non
813 521 1156 588 videantur
1197 521 1282 587 ad
1331 523 1730 611 populorum
1762 539 1829 588 et
1858 523 2201 614 regionum
2234 526 2616 618 descriptio·

477 649 627 690 nem
683 625 968 712 quaesita.
1025 620 1238 713 Igitur
1284 625 1618 690 transtulit
1657 623 2011 715 Dionysius
2052 645 2274 693 noster
2308 631 2511 694 multu
2540 633 2611 694 in

477 751 732 793 carmen
771 749 968 792 suum
1001 749 1080 792 ex
1117 747 1314 815 opere
1346 727 1472 790 alio
1493 775 1513 810 ,
1537 727 1636 792 vel
1670 744 1825 809 suo,
1852 729 1955 792 vel
1996 729 2208 794 alieno
2256 728 2341 794 de
2388 731 2615 819 lapidi-
2644 769 2651 774 ·

478 830 637 912 bus,
661 845 858 917 atque
903 844 1153 894 exstent
1194 827 1392 894 hodie
1423 830 1490 892 in
1526 852 1605 894 eo
1634 831 1898 918 plurimi
1926 845 2149 896 versus
2182 849 2442 898 necesse
2476 851 2571 898 est
2592 877 2611 914 ‚

476 953 760 1019 quorum
807 931 1046 995 similes
1065 973 1086 1012 ,
1113 931 1212 994 vel
1262 931 1460 996 iidem
1515 933 1705 1019 plane
1722 979 1741 1011 ‚
1774 933 1931 997 olim
1982 933 2051 996 in
2094 935 2297 999 altero
2328 937 2613 999 carmine

474 1047 710 1098 Διοιακῶν
736 1032 1034 1121 Dionysii
1062 1032 1301 1112 nostri,
1331 1048 1443 1096 aut
1472 1033 1766 1116 alterius,
1814 1033 1965 1098 lecti
1999 1033 2271 1117 fuerint,
2308 1052 2373 1100 et
2408 1053 2445 1099 n
2472 1035 2612 1100 Ste-

480 1133 700 1220 phano
734 1133 912 1197 citari
943 1133 1298 1221 potuerint.
1352 1131 1537 1197 Idem
1578 1133 1759 1222 quod
1796 1133 1877 1199 de
1908 1147 2177 1210 Διοιωιοῖς,
2200 1136 2593 1202 sentiendum

481 1234 564 1300 de
599 1235 936 1300 Bassaricis
967 1251 1100 1316 est,
1126 1257 1271 1322 quse
1308 1235 1627 1324 Dionysio
1666 1252 1891 1302 nostro
1923 1237 2242 1327 adscripta
2295 1231 2451 1302 esse'
2478 1235 2595 1302 Fu-

480 1338 758 1402 stathius
792 1337 968 1402 dicit.
1013 1339 1332 1402 Bassai-ica
1361 1361 1519 1402 vero
1552 1351 1697 1426 quae
1730 1338 1903 1404 dicta
1932 1359 2122 1422 sunt,
2160 1361 2349 1430 agere
2381 1340 2597 1406 delue-

481 1455 638 1504 runt
693 1438 774 1504 de
833 1439 1064 1506 Bacchi
1117 1439 1529 1529 expeditione
1577 1440 1647 1502 in
1701 1441 2034 1506 Orientem
2052 1491 2072 1524 ,
2118 1443 2252 1506 sive
2304 1442 2486 1532 orgii*
2528 1451 2597 1502 et

484 1540 698 1605 Liberi
729 1541 933 1605 Patris
965 1540 1162 1606 sacris
1187 1541 1422 1629 passim
1448 1541 1521 1604 in
1555 1555 1875 1606 terrarum
1913 1544 2073 1608 orbe
2102 1543 2437 1607 celebrati-s
2464 1537 2598 1602 Ho-

484 1667 632 1707 rum
664 1659 882 1708 autem
919 1659 1050 1707 tam
1088 1643 1396 1730 frequens
1431 1644 1498 1708 in
1533 1642 1831 1732 Dionysii
1864 1645 2187 1735 Periegesi
2214 1645 2441 1709 menti)
2464 1653 2597 1722 est,

485 1761 561 1810 ut
608 1761 836 1810 auctor
884 1759 1394 1832 nonnunquam,
1452 1744 1682 1832 iniquo
1735 1747 1928 1810 etiam
1969 1747 2157 1829 ioco,
2212 1757 2595 1810 ocoenonem

483 1846 828 1912 Bacchicos
875 1847 1036 1911 ritus
1071 1843 1478 1911 describendi
1526 1845 1829 1934 quaesisse
1872 1847 2185 1912 videatur.
2228 1847 2335 1912 sic
2354 1859 2463 1905 eos
2500 1857 2595 1906 vs.

483 1948 614 2037 570
645 1971 780 2037 seq.
806 1949 1113 2014 celebrari
1141 1965 1360 2014 narrat
1381 1949 1464 2014 ab
1490 1947 1805 2014 uxoribus
1830 1950 2267 2029 Amnum-um,
2296 1950 2342 2012 ἰι
2368 1944 2595 2008 insulis

482 2073 680 2138 supra
711 2051 1106 2116 Britanniam
1123 2100 1143 2130 ,
1177 2073 1330 2114 cum
1361 2051 1571 2139 iisque
1597 2051 1983 2118 bacchantes
2010 2046 2377 2116 maliet-eain
2402 2045 2601 2109 Thra-

486 2153 619 2234 cia,
657 2168 725 2216 et
756 2151 1010 2216 Indicas
1043 2151 1128 2216 ad
1159 2153 1453 2241 Gangem
1481 2170 1831 2243 comparat.
1871 2153 2081 2217 Versu
2112 2171 2240 2240 7⁰⁰
2268 2144 2595 2214 <amarita-

490 2276 637 2317 rum
689 2253 1020 2316 nationem
1070 2252 1319 2334 laudat,
1376 2277 1543 2340 quos
1590 2256 1747 2322 dicit
1791 2256 2117 2321 Bacchum
2167 2256 2249 2319 ab
2276 2249 2597 2314 Indorum

489 2354 660 2419 bello
692 2369 1122 2417 revertentem
1165 2354 1448 2444 hospitio
1488 2360 1813 2447 excepisse
1830 2406 1851 2439 ,
1896 2375 1965 2421 et
2004 2380 2155 2422 cum
2199 2346 2597 2420 Rcchidihus

490 2476 698 2520 sacras
723 2454 984 2519 duxisse
1015 2456 1284 2519 choreas
1300 2504 1318 2537 ,
1355 2479 1491 2544 quo
1523 2459 1668 2523 loco
1694 2460 1983 2525 Avienus
2013 2483 2078 2523 v.
2106 2452 2599 2546 887Bassan‘des

395 2552 401 2558 ’
495 2556 724 2623 Bacchi
753 2557 1020 2621 comites
1047 2576 1254 2625 vocat.
1282 2560 1396 2625 Vs.
1415 2558 1547 2647 839
1574 2584 1754 2651 seqq.
1784 2562 2051 2626 choreas
2081 2560 2302 2625 naono
2332 2556 2598 2645 agitatas

492 2661 560 2724 in
607 2658 808 2749 Lydia
847 2683 886 2724 a
937 2660 1295 2751 virginibus
1349 2684 1624 2750 operose
1674 2662 2015 2727 describit:
2064 2660 2317 2746 denque
2360 2655 2517 2721 inde
2559 2674 2599 2721 a

493 2784 686 2829 versu
723 2786 748 2827 1
768 2760 888 2827 152
927 2763 995 2827 in
1029 2762 1282 2827 Indiam
1301 2806 1320 2843 ,
1353 2780 1704 2829 extremam
1732 2780 2089 2843 terrarum,
2135 2758 2384 2838 dantus,
2428 2757 2599 2821 hanc

489 2864 822 2953 regionem
841 2912 860 2946 ,
887 2880 966 2928 ut
993 2880 1198 2929 totam
1235 2866 1426 2953 Lyoeo
1453 2864 1754 2930 devotam
1772 2914 1791 2945 ‚
1818 2864 2113 2953 depingit
2130 2912 2147 2945 ,
2174 2860 2351 2924 ‘ictos
2376 2879 2416 2922 a
2440 2859 2598 2923 Bac-

495 2967 621 3031 cho
655 2964 855 3031 Indos
895 2983 960 3030 et
1005 2968 1300 3031 instituta
1343 2966 1521 3055 apud
1570 2990 1685 3031 eos
1730 2968 1905 3056 orgia
1924 3014 1943 3046 ‚
1995 2982 2058 3030 et
2100 2978 2213 3054 pot
2262 2961 2595 3025 victoriam

493 3068 732 3157 positas
767 3068 850 3133 ab
887 3090 966 3133 eo
1008 3070 1343 3134 columnas
1373 3070 1441 3131 in
1480 3068 1723 3133 finibus
1750 3085 1936 3132 terrae
1968 3088 2181 3144 narra,
2204 3082 2359 3127 cum
2386 3064 2598 3151 iisque

497 3186 708 3235 totum
751 3190 917 3258 opus
969 3168 1304 3234 concludit
1325 3217 1345 3249 ‚
1399 3169 1583 3257 quasi
1636 3192 1813 3234 mera
1860 3177 2149 3232 Διονυσιακὰ
2162 3165 2261 3229 vei
2308 3172 2599 3244 Βαοσαρικὰ

493 3273 872 3362 scripsisset.
900 3272 1052 3336 Tale
1089 3272 1290 3361 igitur
1313 3294 1480 3359 opus
1514 3270 2037 3361 Geographicum
2058 3314 2077 3351 ‚
2124 3281 2192 3332 ot
2226 3267 2457 3331 Bacchi
2485 3286 2595 3329 or-

493 3376 610 3464 giis
647 3392 713 3439 et
737 3375 972 3441 ritibus
1005 3374 1393 3461 permixtum
1415 3422 1434 3447 ,
1482 3375 1755 3438 omnino
1778 3388 2111 3438 auctorem
2130 3382 2455 3449 ιασσαρικῶν,
2484 3382 2597 3431 aut

495 3477 694 3543 alium
747 3477 828 3541 ab
889 3498 969 3539 eo
1021 3474 1222 3539 multa
1269 3492 1641 3541 mutuatum
1688 3474 1965 3564 prodere
2012 3472 2255 3547 vid-tur,
2318 3485 2386 3533 et
2434 3469 2594 3533 fate-

497 3594 606 3643 tur
632 3576 1039 3656 Dodwellus‚
1084 3586 1114 3653 ς
1149 3576 1405 3658 XXIII,
1442 3578 1715 3642 omnino
1757 3579 1825 3640 in
1880 3575 1983 3641 his
2027 3572 2328 3639 Bassi-icis
2379 3572 2593 3636 locum

495 3678 734 3743 habere
762 3676 1050 3763 potuisse
1091 3676 1270 3742 urbis
1308 3678 1661 3743 Emissenoe
1698 3678 2099 3743 mentionem
2138 3672 2322 3754 cujus
2356 3673 2595 3738 incolas

498 3780 792 3844 devotam
838 3779 1002 3843 Solis
1048 3780 1238 3844 sacris
1282 3780 1479 3845 vitam
1532 3780 1801 3870 agitasse
1840 3779 2066 3843 scribit
2108 3776 2374 3841 Menos.
2422 3775 2595 3863 Ergo

497 3903 757 3945 versum
789 3906 825 3946 a
857 3882 1186 3971 Stephano
1215 3883 1484 3947 citatum
1518 3904 1553 3945 e
1582 3882 1875 3970 Dionysii
1916 3880 2123 3959 nostri,
2160 3894 2272 3942 aut
2304 3877 2597 3953 alterius,

497 3984 832 4049 Bassaricis
879 4001 1211 4074 sumptum
1261 3985 1655 4064 existimare,
1704 3981 1866 4071 quid
1906 3979 2186 4069 impedt?
2239 3979 2351 4066 qui
2392 3988 2595 4066 quum

500 4088 667 4153 forte
697 4106 1040 4177 propagata
1065 4112 1180 4177 per
1206 4088 1428 4153 orbem
1465 4100 1781 4151 terrarum
1810 4108 1985 4148 sacra
2012 4082 2201 4148 Bachi
2218 4130 2233 4161 ,
2260 4081 2599 4164 variasque
2692 4140 2700 4145 .
