2996 4685
535 346 675 420 368
1262 343 1833 412 EXCURSUS
1894 345 1927 408 1

532 485 821 536 notatam
869 467 1066 550 hujus
1121 466 1245 530 loci
1289 462 1811 529 emendationem
1860 464 1992 544 jam
2033 462 2251 526 inveni
2296 462 2363 524 in
2414 462 2677 528 schedis

531 570 905 652 Schraderi,
948 569 1150 658 ipsius
1185 590 1384 632 manu
1408 567 1678 654 scriptis,
1708 566 1970 630 Wn.-
1993 562 2256 654 Populis
2290 580 2506 652 caput,
2544 579 2677 626 etc.

535 674 864 760 Quoniam
899 693 1094 758 super
1125 671 1273 734 loco
1308 669 1434 732 hoc
1469 667 1877 731 vexatissimo
1918 666 2103 754 plura
2138 679 2499 728 occurrunt
2528 687 2677 726 me-

527 773 838 842 moranda
858 820 877 856 ,
927 794 1122 860 quam
1183 767 1449 857 quidem
1510 765 1909 832 Schraderus
1973 766 2135 830 dixit
2153 814 2172 848 ,
2232 783 2301 830 et
2355 765 2677 829 nonnulla

529 876 797 942 uberius
842 867 1226 961 exponenda
1262 886 1452 951 sunt,
1503 869 1897 957 singularem
1949 867 2057 932 hic
2116 867 2675 964 dissertationem,

531 975 816 1068 quodam
851 993 1132 1038 excursu
1161 970 1334 1035 facto
1347 1019 1366 1053 ,
1399 969 1737 1050 subjiciam
1758 1018 1776 1052 ,
1806 992 1935 1057 qua
1973 970 2259 1058 primum
2290 969 2493 1033 varias
2534 968 2675 1032 dis-

533 1091 1002 1166 crepantesque
1040 1071 1445 1150 conjecturas
1500 1093 1697 1159 super
1744 1093 1823 1134 eo
1871 1069 2018 1135 loco
2068 1070 2263 1134 factas
2302 1092 2675 1133 recenseam

530 1197 793 1258 omnes,
840 1171 1075 1238 deinde
1131 1171 1270 1252 ejus
1329 1187 1504 1235 recte
1557 1171 1897 1235 constituti
1947 1194 2209 1235 sensum
2256 1171 2523 1235 uberius
2568 1169 2678 1234 de-

533 1280 789 1345 clarem.
820 1277 1100 1340 Versum
1137 1274 1320 1338 hunc
1354 1274 1923 1361 corruptissimum
1956 1272 2307 1338 Pithoeanae
2338 1271 2675 1352 editionis,

531 1404 614 1444 ex
657 1378 921 1465 antiqua
956 1376 1206 1440 Veneta
1247 1375 1587 1456 haustum,
1620 1391 1697 1437 ut
1738 1374 1933 1462 primi
1980 1374 2219 1437 rectius
2264 1373 2563 1438 dederint
2606 1387 2679 1436 et

534 1477 948 1545 distinxerint
979 1475 1252 1564 Cuspin.
1283 1491 1348 1538 et
1370 1471 1722 1558 VafflanuS,
1746 1475 1879 1554 jam
1910 1476 2415 1539 memoravimus
2444 1475 2511 1538 in
2534 1497 2671 1538 var.

534 1581 678 1644 lect.
720 1576 847 1643 Sed
881 1578 1174 1665 ignorata
1209 1575 1346 1639 haec
1389 1575 1620 1640 melior
1660 1576 1851 1639 lectio
1889 1575 2083 1640 miras
2107 1577 2676 1665 interpretationes

527 1697 850 1772 corruptae
889 1677 1238 1743 Pithoeanae
1274 1677 1541 1766 peperit.
1582 1676 1919 1757 Barthius,
1956 1675 2226 1742 Advers.
2258 1677 2372 1741 XL
2404 1677 2467 1739 X
2494 1725 2513 1756 ‚
2554 1676 2671 1740 13:

525 1804 750 1846 «oenea
787 1780 929 1843 alba
968 1794 1184 1843 cautes
1213 1809 1240 1834 n
1291 1777 1660 1867 conjungit,
1710 1794 1777 1841 et
1810 1795 2000 1866 putat
2033 1779 2356 1844 Avienum
2389 1777 2669 1843 AEneam

525 1907 678 1949 cum
724 1882 1123 1969 Leucopetra
1167 1877 1571 1943 confundere
1616 1877 1986 1944 columnam
2008 1929 2025 1961 ,
2072 1903 2267 1967 quam
2316 1881 2673 1970 Dionysius

527 2005 724 2073 supra
766 2007 825 2046 ν.
869 1983 953 2069 67
1003 1983 1074 2044 in
1125 1981 1381 2044 Atlante
1431 1979 1597 2044 dixit
1640 2002 1812 2061 esse,
1859 1979 1974 2044 sed
2014 1997 2228 2044 tamen
2269 2003 2388 2044 cur
2425 2005 2671 2046 aeneam

525 2103 776 2176 petram
804 2083 1070 2164 dixerit,
1107 2083 1166 2145 ei
1203 2104 1337 2146 non
1377 2081 1606 2168 liquet.
1641 2078 2035 2162 Hudsonus,
2082 2081 2267 2160 cujus
2319 2083 2673 2146 lectionem

529 2209 725 2275 supra
760 2183 1097 2263 dedimus,
1133 2181 1216 2246 de
1248 2181 1422 2244 Alba
1455 2182 1683 2268 Longa
1717 2205 2086 2247 sermonem
2121 2205 2260 2248 esse
2291 2199 2495 2272 putat.
2529 2185 2673 2247 Au-

526 2303 670 2352 ctor
695 2286 763 2347 in
799 2283 1067 2347 Observ.
1099 2282 1280 2347 Misc.
1308 2282 1580 2347 fortasse
1604 2285 1895 2349 Wassius
1914 2332 1931 2366 ,
1954 2285 2081 2349 vol.
2108 2287 2172 2369 I,
2200 2301 2246 2349 t.
2272 2285 2375 2368 11,
2406 2309 2469 2374 p.
2500 2285 2629 2373 273
2648 2333 2670 2367 ,

523 2386 752 2452 videns
771 2433 789 2465 ,
841 2384 922 2448 ab
975 2384 1183 2448 AEnea
1232 2382 1585 2447 dicendum
1632 2384 1831 2449 fuisse
1871 2384 2101 2450 AEneia
2124 2436 2143 2467 ,
2194 2388 2394 2451 sumit
2440 2410 2671 2451 vocem

521 2490 736 2551 AEnea
771 2508 892 2573 pro
939 2485 1504 2573 interpretatione,
1548 2508 1744 2572 quam
1782 2486 2080 2550 librarius
2122 2486 2290 2551 forte
2324 2486 2673 2552 substitue-

523 2592 611 2655 rit
629 2638 648 2669 ‚
681 2588 860 2653 vocis
913 2586 1129 2650 minus
1188 2587 1463 2676 cognitae
1514 2586 1642 2650 Ilia
1661 2636 1680 2670 ,
1756 2588 1924 2652 sicut
1968 2588 2095 2651 Ilia
2150 2611 2351 2675 regna
2395 2589 2671 2679 Virgilio

523 2694 848 2772 dicantur,
877 2706 944 2755 et
969 2688 1173 2753 Iliaca
1201 2690 1378 2754 Alba
1405 2690 1693 2755 Lucano.
1727 2690 1979 2757 Oddius
1996 2740 2015 2774 ,
2047 2708 2449 2758 memorante
2476 2692 2669 2757 Hud-

525 2818 722 2874 son0,
759 2809 831 2873 τῷ
867 2794 1083 2855 AEnea
1119 2791 1458 2855 substituit
1496 2809 1719 2873 antea,
1763 2816 1972 2881 eoque
2022 2794 2248 2858 Albani
2300 2794 2428 2859 dici
2479 2813 2669 2883 putat

525 2895 782 2984 populis
851 2910 1048 2982 caput
1101 2908 1289 2956 antea
1349 2892 1594 2956 clarum
1658 2892 1875 2957 fuisse.
1942 2891 2191 2958 Eodem
2248 2910 2409 2958 teste
2472 2894 2666 2959 Edm.

527 2996 811 3062 Halleius
855 2992 1032 3057 aliud
1083 2993 1451 3075 substituit,
1514 3014 1752 3079 nempe
1798 2996 2079 3057 AEmona
2100 3043 2120 3075 ,
2176 2995 2361 3077 cujus
2411 3013 2669 3060 senten·

523 3100 682 3161 tiam
745 3118 940 3183 supra
1009 3095 1381 3182 explicatius
1457 3092 1649 3157 tradit
1726 3112 1792 3157 et
1868 3097 2285 3184 reprehendit
2348 3098 2663 3162 Schrade-

525 3222 660 3265 rus.
702 3197 832 3281 Qui
872 3194 1155 3283 denique
1191 3218 1406 3259 veram
1447 3196 1793 3259 lectionem
1826 3198 2269 3262 AEneadarum
2296 3199 2513 3264 studio
2540 3224 2666 3264 suo

527 3319 594 3365 et
617 3298 860 3364 codicis
886 3296 1187 3361 Ambros.
1220 3298 1600 3361 auctoritate
1640 3298 2063 3382 invenerunt,
2102 3316 2317 3365 tamen
2354 3303 2421 3366 in
2460 3304 2665 3367 altero

523 3395 718 3467 versu
761 3400 863 3465 vel
917 3398 1381 3489 distinguendo
1439 3400 1542 3462 vel
1608 3399 1993 3491 corrigendo
2046 3401 2452 3468 aberrarunt.
2516 3406 2661 3471 Nic.

527 3503 831 3568 Heinsius
879 3524 1019 3565 eam
1069 3498 1389 3564 similibus
1439 3500 1784 3565 nominum
1834 3502 2060 3567 formis
2109 3502 2543 3588 confirmavit,
2588 3523 2665 3569 ut

527 3604 838 3669 Prisciani
886 3625 978 3665 νε.
1023 3600 1196 3667 338:
1240 3602 1474 3665 «tellus
1521 3601 1687 3682 jacet
1731 3602 2296 3686 Ausonidarum»;
2342 3628 2433 3669 vs.
2476 3606 2607 3693 475
2644 3631 2661 3670 :

529 3736 555 3761 οι
577 3704 816 3769 dehinc
839 3724 1032 3791 rupes
1056 3702 1462 3767 AEolidarum
1490 3727 1554 3784 »ς
1585 3720 1651 3768 et
1667 3727 1757 3768 vs.
1779 3706 1943 3791 670:
1989 3738 2013 3761 α
2032 3722 2179 3795 post
2210 3704 2372 3771 fines
2396 3708 2663 3797 Tynda-

531 3804 820 3868 ridarum
841 3832 887 3866 ιι.
921 3802 1123 3892 Magis
1151 3805 1386 3869 servire
1407 3802 1490 3869 ad
1508 3822 1741 3869 ‘vocem
1766 3828 1906 3871 eam
1936 3806 2379 3873 illustrandam
2407 3826 2665 3897 poterat

531 3904 866 3993 Virgilius,
895 3904 1007 3991 qui
1030 3904 1183 3969 AEn.
1213 3906 1341 3987 111,
1368 3907 1444 3971 18
1463 3955 1480 3987 ,
1522 3907 1751 3971 urbem
1774 3918 1995 3983 Αἴνειαν,
2029 3908 2110 3973 ab
2129 3908 2335 3975 AEnea
2367 3912 2433 3975 in
2467 3912 2667 3977 Cher-

526 4028 764 4073 soneso
823 4005 1078 4069 Pallene
1130 4006 1488 4090 conditam,
1530 4011 1858 4072 AEneadas
1920 4010 2237 4097 adpellat,
2296 4014 2663 4077 incolarum
