2996 4685
540 354 677 451 590
1282 358 1361 423 R.
1417 358 1487 423 F.
1547 358 1917 427 A'v1EN1

630 478 733 549 Ad
775 479 1059 573 speciem
1094 477 1425 547 Eridanus
1458 493 1650 572 pater
1685 481 1975 573 exspuit,
2004 483 2279 553 abditur
2309 485 2440 555 alta

630 591 914 684 Tethye,
949 603 1017 658 et
1056 588 1317 658 occidui
1364 590 1615 683 tegitur
1655 590 1875 660 Padus
1917 617 2188 687 aequore
2231 598 2440 688 ponti.

631 700 944 794 Scorpius
986 700 1321 796 ingentem
1367 701 1749 793 perterritat
1782 702 2042 772 Oriona

631 815 1029 905 proserpens
1066 809 1319 905 pelago.
1349 813 1597 897 Vetus,
1628 836 1672 879 o
1705 812 1988 881 Latonia
2023 814 2243 907 virgo,

629 921 877 991 Fabula
898 975 917 1008 ,
948 944 1071 989 nec
1104 932 1337 989 nostro
1370 922 1692 989 struimus
1730 923 2078 992 mendacia
2118 948 2314 993 versu

628 1032 887 1118 Prima;
914 1054 1131 1124 neque
1168 1027 1411 1099 obduri
1455 1054 1848 1126 compagem
1893 1033 2212 1126 germinis
2250 1049 2404 1105 atas

520 1150 537 1172 ⁹
633 1142 853 1210 Prima
890 1139 1071 1209 dedit
1108 1137 1392 1235 populis.
1435 1141 1668 1208 Caecus
1707 1165 1854 1211 mos
1896 1146 2142 1213 mentis
2181 1144 2460 1231 acerbae,

628 1250 1163 1346 Immodieusque
1195 1249 1381 1319 furor
1408 1247 1676 1319 sceleris
1703 1267 2163 1345 penetraverat
2199 1268 2398 1325 oestro

628 1362 843 1456 Impia
878 1360 1079 1431 eorda
1108 1360 1269 1445 viri3
1304 1360 1667 1429 tabuerunt
1696 1360 1840 1431 dira
1871 1363 2176 1434 medullis

630 1472 941 1541 Protinus
970 1471 1039 1539 in
1078 1468 1313 1537 mediis
1350 1468 1704 1557 incendia3
1739 1470 2066 1566 plurimus
2097 1474 2298 1543 ardor

626 1584 898 1652 Pectore
928 1580 1257 1675 flagravit.
1284 1581 1501 1648 Tenet
1539 1578 1886 1675 improbus
1913 1582 2060 1669 ille,
2093 1609 2466 1679 procaxque
2485 1639 2507 1671 ,

622 1696 749 1779 Te,
786 1696 961 1778 Dea,
995 1706 1063 1759 te
1092 1690 1263 1759 dura
1290 1686 1497 1757 valuit
1521 1692 1918 1787 contingere
1945 1691 2218 1763 dextra?

627 1805 857 1893 Quum
890 1816 1145 1871 sacrata
1184 1800 1337 1869 Chii
1378 1823 1686 1888 nemora,
1727 1813 1796 1871 et
1838 1802 2216 1873 frondentia
2251 1802 2380 1874 late
2553 1832 2660 1867 nr.-

626 1915 905 1983 Brachia
942 1911 1240 1981 lucorum
1262 1964 1282 1993 ‚
1316 1934 1526 2004 quum
1563 1908 1742 1979 silvae
1775 1911 1949 1982 colla
1983 1938 2335 2008 comasque

625 2028 899 2094 Devotae
934 2023 1196 2091 tibimet
1230 2044 1469 2089 manus
1511 2020 1716 2115 impia
1751 2022 2070 2092 demolita
2104 2038 2232 2112 est,

628 2134 863 2205 Audax
898 2147 977 2201 ut
1018 2132 1277 2201 facinus
1317 2128 1570 2200 donum
1607 2130 1775 2201 foret
1807 2134 2238 2229 OEnopioni:

626 2246 847 2338 Digna
880 2241 992 2311 sed
1031 2240 1389 2313 immodico
1416 2264 1666 2311 meroes
1705 2245 1887 2313 stetit
1919 2243 2100 2317 ilioet
2126 2269 2308 2315 ausu.

626 2357 797 2426 Nam
836 2357 979 2422 Dea
1015 2351 1303 2422 nubiferi
1334 2377 1770 2449 perrumpens
1799 2357 2054 2428 viscera
2091 2357 2366 2442 montiS‚
2551 2384 2656 2420 ..ss

624 2466 865 2534 Dirum
906 2461 1114 2530 antris
1153 2461 1403 2530 animal
1442 2487 1650 2533 soevos
1691 2466 1900 2535 vomit
1943 2466 2152 2536 hostis
2187 2469 2256 2535 in
2289 2481 2492 2536 artus,

620 2579 797 2670 Ergo
840 2587 914 2642 ut
946 2570 1205 2645 falcatis
1239 2587 1620 2642 monstrum
1647 2575 1815 2668 petit
1847 2577 2106 2646 Oriona

620 2685 989 2772 Morsibu8‚
1018 2697 1085 2752 et
1118 2697 1293 2752 totas
1330 2683 1401 2752 in
1445 2685 1746 2754 membra
1783 2687 2028 2756 ferocia
2061 2683 2280 2754 chelas

623 2794 884 2878 Intulit,
926 2793 1036 2864 ille
1080 2791 1235 2863 mali
1281 2817 1513 2887 poenas
1556 2793 1703 2863 luit.
1747 2799 1880 2869 Ista
1913 2795 2126 2864 furori

622 2907 894 2979 Praemia
924 2905 1284 2989 debentur3
1310 2918 1467 2971 sunt
1501 2903 1644 2973 haec
1668 2907 2083 2978 contermina
2113 2903 2276 2974 laesis
2553 2947 2654 2984 n,-

617 3023 893 3110 Semper
920 3014 1331 3083 numinibus.
1366 3018 1592 3083 Metus
1615 3014 1760 3102 hic,
1787 3029 2000 3084 metus
2027 3037 2184 3083 acer
2219 3015 2288 3082 in
2321 3027 2502 3084 astro

620 3129 1004 3210 Permanet,
1040 3137 1108 3192 et
1140 3123 1358 3216 primo
1388 3147 1597 3216 quum
1631 3125 1950 3220 Scorpius
1987 3123 2207 3194 editur
2244 3139 2428 3209 ortu,

594 3372 723 3425 117²
744 3389 761 3416 ,
796 3347 945 3420 1173.
982 3353 1087 3400 Nec
1114 3362 1279 3399 nostro
1309 3352 1536 3400 ser-nimus

520 3435 779 3487 mendacia
798 3449 946 3483 verm
964 3429 1144 3480 Prima.
1166 3429 1337 3482 Locus
1355 3426 1443 3480 hic
1461 3439 1538 3480 est

520 3514 737 3566 mutilus
763 3523 816 3564 et
840 3521 1139 3580 corruptus.
1161 3537 1229 3548 —-
1246 3511 1536 3576 Compagem

518 3610 718 3664 repono
760 3609 857 3664 pro
892 3591 1134 3658 compegi,
1172 3585 1318 3660 quod
1352 3605 1536 3640 omnes

522 3671 650 3724 dant
673 3709 687 3731 ,
724 3667 863 3740 unde
895 3667 1080 3738 paullo
1117 3669 1285 3740 major
1328 3667 1390 3720 fit
1431 3669 1533 3720 lux.

518 3753 617 3806 En.

596 3848 615 3882 1
632 3835 747 3898 174.
788 3827 952 3876 Coecus
989 3845 1091 3876 mos
1119 3827 1290 3878 mentis
1319 3829 1526 3878 acerboe.

518 3907 616 3964 Ed.
642 3903 761 3958 Ald.
790 3902 1179 3968 vitiose-Coetus,
1211 3917 1261 3957 et
1288 3905 1341 3956 in
1376 3923 1533 3958 versu

516 3983 753 4061 sequenti
792 4007 813 4030 ι
830 3981 1187 4056 penetraverit
1212 4008 1233 4027 ι
1276 4002 1372 4055 pro
1408 4003 1532 4055 ope-

516 4077 812 4123 netraverat
835 4088 879 4113 n.

594 4147 742 4198 1183.
778 4146 969 4194 Audax
1018 4155 1075 4194 ue
1098 4143 1308 4210 facinus
1350 4149 1530 4196 donum

1607 3352 1752 3418 soret
1769 3354 2064 3420 OEnopiom'.
2085 3351 2262 3422 Vulgo
2289 3353 2458 3404 male:
2493 3373 2516 3396 α
2541 3354 2648 3406 Αυ-

1625 3427 1726 3481 dax
1753 3429 1894 3482 hand
1920 3428 2122 3483 facinus
2141 3455 2183 3480 n.

1701 3511 1850 3581 1187.
1886 3515 2017 3579 Ergo
2055 3527 2111 3561 uc
2125 3511 2335 3580 falcatis
2371 3526 2644 3563 monstrem

1616 3592 1741 3656 petit
1765 3591 1966 3641 Oriona.
2001 3589 2228 3641 Avienus
2257 3606 2444 3660 supra:
2471 3615 2492 3635 ι
2525 3591 2648 3644 Rue

1620 3669 1810 3722 falcata
1830 3669 1946 3722 Chii
1968 3679 2238 3740 repserunt
2265 3687 2468 3722 cornua
2491 3689 2644 3722 mon·

1621 3747 1712 3800 stri
1727 3773 1766 3799 ι.

1695 3849 1715 3878 ι
1733 3829 1844 3894 189.
1868 3831 2038 3880 Intulit
2060 3831 2144 3879 ille
2166 3830 2298 3878 mali.
2320 3825 2476 3878 Buhl.
2505 3833 2644 3879 Intu-

1622 3909 1773 3960 lisine
1793 3913 1924 3960 male
1945 3911 2066 3960 mali
2072 3947 2088 3968 ,
2123 3905 2472 3959 vitiosissime.
2495 3907 2606 3961 En.

1698 4007 1716 4038 ι
1733 4005 1844 4056 190.
1880 3991 2000 4038 Seme
2033 3990 2138 4038 lucc
2174 3991 2476 4038 contermina
2511 3993 2644 4041 Ioesis

1619 4071 1813 4136 Semper
1863 4071 2160 4123 numinibus.
2221 4065 2399 4138 Vulgo
2453 4085 2644 4141 perpo-

1619 4165 1730 4198 ram
1754 4164 1767 4198 :
1798 4173 1824 4192 α
1847 4159 1966 4200 sunt
1991 4147 2103 4201 hoec
2129 4146 2440 4202 commercia
2461 4173 2504 4196 ιι.
