<?xml version="1.0" encoding="UTF-8"?>
<!DOCTYPE html PUBLIC "-//W3C//DTD XHTML 1.0 Transitional//EN"
    "http://www.w3.org/TR/xhtml1/DTD/xhtml1-transitional.dtd">
<html xmlns="http://www.w3.org/1999/xhtml" xml:lang="en" lang="en">
 <head>
  <title>
</title>
<meta http-equiv="Content-Type" content="text/html;charset=utf-8" />
  <meta name='ocr-system' content='tesseract 3.04.00' />
  <meta name='ocr-capabilities' content='ocr_page ocr_carea ocr_par ocr_line ocrx_word'/>
</head>
<body>
  <div class='ocr_page' id='page_1' title='image "./poetaelatinimin01unkngoog_0228.png"; bbox 0 0 2996 4685; ppageno 0'>
   <div class='ocr_carea' id='block_1_1' title="bbox 799 335 2218 454">
    <p class='ocr_par' dir='ltr' id='par_1_1' title="bbox 799 335 2218 454">
     <span class='ocr_line' id='line_1_1' title="bbox 799 335 2218 454; baseline -0.008 0"><span class='ocrx_word' id='word_1_1' title='bbox 799 335 1439 454; x_wconf 71' lang='lat' dir='ltr'>Dsss&#39;cmPTlo&#39;</span> <span class='ocrx_word' id='word_1_2' title='bbox 1491 377 1794 452; x_wconf 71' lang='lat' dir='ltr'>omns</span> <span class='ocrx_word' id='word_1_3' title='bbox 1851 335 2218 444; x_wconf 69' lang='lat' dir='ltr'><strong>TERRAE.</strong></span> 
     </span>
    </p>
   </div>
   <div class='ocr_carea' id='block_1_2' title="bbox 2360 316 2572 467">
    <p class='ocr_par' dir='ltr' id='par_1_2' title="bbox 2360 316 2572 467">
     <span class='ocr_line' id='line_1_2' title="bbox 2360 316 2572 467; baseline 0.014 -3"><span class='ocrx_word' id='word_1_4' title='bbox 2360 316 2364 336; x_wconf 45' lang='grc' dir='ltr'>Ι</span> <span class='ocrx_word' id='word_1_5' title='bbox 2431 397 2572 467; x_wconf 72' lang='lat'>2¹9</span> 
     </span>
    </p>
   </div>
   <div class='ocr_carea' id='block_1_3' title="bbox 530 495 2572 1034">
    <p class='ocr_par' dir='ltr' id='par_1_3' title="bbox 530 495 2572 822">
     <span class='ocr_line' id='line_1_3' title="bbox 530 495 2448 600; baseline -0.006 -22"><span class='ocrx_word' id='word_1_6' title='bbox 530 508 821 584; x_wconf 72' lang='lat' dir='ltr'>Barbara</span> <span class='ocrx_word' id='word_1_7' title='bbox 856 505 1023 600; x_wconf 85' lang='lat' dir='ltr'>quin</span> <span class='ocrx_word' id='word_1_8' title='bbox 1060 501 1261 572; x_wconf 81' lang='lat' dir='ltr'>etiam</span> <span class='ocrx_word' id='word_1_9' title='bbox 1298 498 1520 568; x_wconf 82' lang='lat' dir='ltr'><strong>Gades</strong></span> <span class='ocrx_word' id='word_1_10' title='bbox 1556 497 1732 568; x_wconf 85' lang='lat' dir='ltr'>hano</span> <span class='ocrx_word' id='word_1_11' title='bbox 1769 496 1998 591; x_wconf 80' lang='lat' dir='ltr'>lingua</span> <span class='ocrx_word' id='word_1_12' title='bbox 2033 495 2448 590; x_wconf 82' lang='lat' dir='ltr'>frequentat,</span> 
     </span>
     <span class='ocr_line' id='line_1_4' title="bbox 532 606 2572 710; baseline -0.008 -24"><span class='ocrx_word' id='word_1_13' title='bbox 532 622 777 687; x_wconf 85' lang='lat' dir='ltr'>Poenus</span> <span class='ocrx_word' id='word_1_14' title='bbox 802 615 1055 710; x_wconf 82' lang='lat' dir='ltr'>quippe</span> <span class='ocrx_word' id='word_1_15' title='bbox 1082 610 1307 682; x_wconf 85' lang='lat' dir='ltr'>locum</span> <span class='ocrx_word' id='word_1_16' title='bbox 1334 607 1598 684; x_wconf 75' lang='lat' dir='ltr'>Gaddir</span> <span class='ocrx_word' id='word_1_17' title='bbox 1627 622 1823 678; x_wconf 83' lang='lat' dir='ltr'>vocat</span> <span class='ocrx_word' id='word_1_18' title='bbox 1853 606 2152 702; x_wconf 83' lang='lat' dir='ltr'>undique</span> <span class='ocrx_word' id='word_1_19' title='bbox 2177 621 2442 701; x_wconf 73' lang='lat' dir='ltr'>septum</span> <span class='ocrx_word' id='word_1_20' title='bbox 2493 632 2572 670; x_wconf 67' lang='grc' dir='ltr'>εις</span> 
     </span>
     <span class='ocr_line' id='line_1_5' title="bbox 536 716 2093 822; baseline -0.006 -25"><span class='ocrx_word' id='word_1_21' title='bbox 536 734 797 822; x_wconf 81' lang='lat' dir='ltr'>Aggere</span> <span class='ocrx_word' id='word_1_22' title='bbox 834 722 1193 818; x_wconf 76' lang='lat' dir='ltr'>praeducto.</span> <span class='ocrx_word' id='word_1_23' title='bbox 1215 719 1398 814; x_wconf 83' lang='lat' dir='ltr'>Tyrii</span> <span class='ocrx_word' id='word_1_24' title='bbox 1438 742 1560 812; x_wconf 82' lang='lat' dir='ltr'>per</span> <span class='ocrx_word' id='word_1_25' title='bbox 1591 718 1928 811; x_wconf 72' lang='lat' dir='ltr'><strong>inhospita</strong></span> <span class='ocrx_word' id='word_1_26' title='bbox 1962 716 2093 788; x_wconf 87' lang='lat' dir='ltr'>late</span> 
     </span>
    </p>

    <p class='ocr_par' dir='ltr' id='par_1_4' title="bbox 532 829 2452 1034">
     <span class='ocr_line' id='line_1_6' title="bbox 534 829 2184 932; baseline -0.006 -25"><span class='ocrx_word' id='word_1_27' title='bbox 534 841 830 932; x_wconf 87' lang='lat' dir='ltr'>AEquora</span> <span class='ocrx_word' id='word_1_28' title='bbox 856 833 1191 929; x_wconf 86' lang='lat' dir='ltr'>provecti,</span> <span class='ocrx_word' id='word_1_29' title='bbox 1222 845 1495 899; x_wconf 88' lang='lat' dir='ltr'>tenuere</span> <span class='ocrx_word' id='word_1_30' title='bbox 1538 841 1615 897; x_wconf 88' lang='lat' dir='ltr'>ut</span> <span class='ocrx_word' id='word_1_31' title='bbox 1652 829 1921 924; x_wconf 86' lang='lat' dir='ltr'>cespitis</span> <span class='ocrx_word' id='word_1_32' title='bbox 1957 853 2184 916; x_wconf 85' lang='lat' dir='ltr'>oram,</span> 
     </span>
     <span class='ocr_line' id='line_1_7' title="bbox 532 938 2452 1034; baseline -0.006 -15"><span class='ocrx_word' id='word_1_33' title='bbox 532 940 957 1024; x_wconf 70' lang='lat' dir='ltr'>Constituere</span> <span class='ocrx_word' id='word_1_34' title='bbox 986 943 1261 1024; x_wconf 55' lang='lat' dir='ltr'>domum</span> <span class='ocrx_word' id='word_1_35' title='bbox 1285 939 1451 1012; x_wconf 85' lang='lat' dir='ltr'>dant</span> <span class='ocrx_word' id='word_1_36' title='bbox 1486 939 1556 1006; x_wconf 92' lang='lat' dir='ltr'>hi</span> <span class='ocrx_word' id='word_1_37' title='bbox 1591 963 1868 1033; x_wconf 87' lang='lat' dir='ltr'>quoque</span> <span class='ocrx_word' id='word_1_38' title='bbox 1885 940 2172 1010; x_wconf 83' lang='lat' dir='ltr'>maxima</span> <span class='ocrx_word' id='word_1_39' title='bbox 2203 938 2452 1034; x_wconf 84' lang='lat' dir='ltr'>templa</span> 
     </span>
    </p>
   </div>
   <div class='ocr_carea' id='block_1_4' title="bbox 440 1166 1485 4111">
    <p class='ocr_par' dir='ltr' id='par_1_5' title="bbox 440 1166 1471 2258">
     <span class='ocr_line' id='line_1_8' title="bbox 510 1166 1461 1246; baseline -0.014 -14"><span class='ocrx_word' id='word_1_40' title='bbox 510 1183 633 1246; x_wconf 66' lang='grc'>614,</span> <span class='ocrx_word' id='word_1_41' title='bbox 664 1177 893 1228; x_wconf 80' lang='lat' dir='ltr'>Barbara</span> <span class='ocrx_word' id='word_1_42' title='bbox 919 1166 1093 1244; x_wconf 71' lang='lat' dir='ltr'>lieigua</span> <span class='ocrx_word' id='word_1_43' title='bbox 1122 1191 1229 1224; x_wconf 90' lang='lat' dir='ltr'>non</span> <span class='ocrx_word' id='word_1_44' title='bbox 1256 1169 1461 1227; x_wconf 80' lang='lat' dir='ltr'>diversa</span> 
     </span>
     <span class='ocr_line' id='line_1_9' title="bbox 440 1249 1463 1330; baseline -0.012 -20"><span class='ocrx_word' id='word_1_45' title='bbox 440 1277 473 1310; x_wconf 86' lang='lat' dir='ltr'>a</span> <span class='ocrx_word' id='word_1_46' title='bbox 496 1259 643 1323; x_wconf 66' lang='grc' dir='ltr'><em>Ίζγήα</em></span> <span class='ocrx_word' id='word_1_47' title='bbox 651 1254 771 1320; x_wconf 52' lang='lat' dir='ltr'>,med</span> <span class='ocrx_word' id='word_1_48' title='bbox 788 1271 1091 1330; x_wconf 73' lang='lat' dir='ltr'>synonyma</span> <span class='ocrx_word' id='word_1_49' title='bbox 1106 1249 1315 1305; x_wconf 84' lang='lat' dir='ltr'>cumula</span> <span class='ocrx_word' id='word_1_50' title='bbox 1323 1260 1463 1301; x_wconf 87' lang='lat' dir='ltr'>ntur.</span> 
     </span>
     <span class='ocr_line' id='line_1_10' title="bbox 444 1327 1465 1408; baseline -0.011 -15"><span class='ocrx_word' id='word_1_51' title='bbox 444 1336 725 1408; x_wconf 67' lang='lat' dir='ltr'>Dionysius</span> <span class='ocrx_word' id='word_1_52' title='bbox 759 1331 939 1386; x_wconf 79' lang='lat' dir='ltr'>omnia</span> <span class='ocrx_word' id='word_1_53' title='bbox 975 1331 1103 1385; x_wconf 76' lang='lat' dir='ltr'>solis</span> <span class='ocrx_word' id='word_1_54' title='bbox 1130 1327 1465 1382; x_wconf 71' lang='lat' dir='ltr'>Phoenicibun</span> 
     </span>
     <span class='ocr_line' id='line_1_11' title="bbox 441 1407 1465 1484; baseline -0.014 -16"><span class='ocrx_word' id='word_1_55' title='bbox 441 1413 639 1470; x_wconf 81' lang='lat' dir='ltr'><strong>tribuit.</strong></span> <span class='ocrx_word' id='word_1_56' title='bbox 666 1415 767 1468; x_wconf 89' lang='lat' dir='ltr'>Pro</span> <span class='ocrx_word' id='word_1_57' title='bbox 799 1415 965 1466; x_wconf 79' lang='lat' dir='ltr'>Gades</span> <span class='ocrx_word' id='word_1_58' title='bbox 998 1408 1289 1484; x_wconf 74' lang='lat' dir='ltr'>requiritur</span> <span class='ocrx_word' id='word_1_59' title='bbox 1329 1407 1465 1464; x_wconf 67' lang='lat' dir='ltr'>inte-</span> 
     </span>
     <span class='ocr_line' id='line_1_12' title="bbox 442 1485 1463 1566; baseline -0.009 -19"><span class='ocrx_word' id='word_1_60' title='bbox 442 1514 595 1566; x_wconf 78' lang='lat' dir='ltr'>grum</span> <span class='ocrx_word' id='word_1_61' title='bbox 620 1496 826 1554; x_wconf 80' lang='lat' dir='ltr'><em>Gaddir,</em></span> <span class='ocrx_word' id='word_1_62' title='bbox 861 1506 919 1545; x_wconf 89' lang='lat' dir='ltr'>ut</span> <span class='ocrx_word' id='word_1_63' title='bbox 943 1491 1040 1544; x_wconf 56' lang='grc' dir='ltr'>Ου’.</span> <span class='ocrx_word' id='word_1_64' title='bbox 1068 1507 1201 1543; x_wconf 86' lang='lat' dir='ltr'>mar.</span> <span class='ocrx_word' id='word_1_65' title='bbox 1236 1492 1353 1560; x_wconf 77' lang='lat'>²67·</span> <span class='ocrx_word' id='word_1_66' title='bbox 1377 1485 1463 1540; x_wconf 80' lang='lat' dir='ltr'>cf.</span> 
     </span>
     <span class='ocr_line' id='line_1_13' title="bbox 442 1569 1467 1646; baseline -0.008 -19"><span class='ocrx_word' id='word_1_67' title='bbox 442 1574 686 1627; x_wconf 86' lang='lat' dir='ltr'>Carrion.</span> <span class='ocrx_word' id='word_1_68' title='bbox 731 1572 799 1626; x_wconf 88' lang='lat' dir='ltr'>ad</span> <span class='ocrx_word' id='word_1_69' title='bbox 840 1571 965 1625; x_wconf 84' lang='lat' dir='ltr'><strong>Sall.</strong></span> <span class='ocrx_word' id='word_1_70' title='bbox 1004 1591 1059 1646; x_wconf 86' lang='lat' dir='ltr'>p.</span> <span class='ocrx_word' id='word_1_71' title='bbox 1099 1570 1186 1624; x_wconf 83' lang='lat'>50.</span> <span class='ocrx_word' id='word_1_72' title='bbox 1222 1569 1467 1624; x_wconf 73' lang='lat' dir='ltr'>seua.-</span> 
     </span>
     <span class='ocr_line' id='line_1_14' title="bbox 447 1646 1465 1722; baseline -0.004 -16"><span class='ocrx_word' id='word_1_73' title='bbox 447 1658 613 1706; x_wconf 81' lang='lat' dir='ltr'>Gades</span> <span class='ocrx_word' id='word_1_74' title='bbox 660 1655 793 1705; x_wconf 75' lang='lat' dir='ltr'>hanc</span> <span class='ocrx_word' id='word_1_75' title='bbox 839 1650 1077 1706; x_wconf 82' lang='lat' dir='ltr'>scribunt</span> <span class='ocrx_word' id='word_1_76' title='bbox 1122 1648 1283 1722; x_wconf 75' lang='lat' dir='ltr'>Cusp.</span> <span class='ocrx_word' id='word_1_77' title='bbox 1320 1646 1465 1702; x_wconf 79' lang='lat' dir='ltr'>vad.</span> 
     </span>
     <span class='ocr_line' id='line_1_15' title="bbox 446 1725 1465 1796; baseline -0.004 -12"><span class='ocrx_word' id='word_1_78' title='bbox 446 1733 585 1787; x_wconf 76' lang='lat' dir='ltr'>pith.</span> <span class='ocrx_word' id='word_1_79' title='bbox 616 1731 705 1786; x_wconf 72' lang='lat' dir='ltr'>aed</span> <span class='ocrx_word' id='word_1_80' title='bbox 736 1730 1055 1796; x_wconf 71' lang='lat' dir='ltr'>Hudsonmz,</span> <span class='ocrx_word' id='word_1_81' title='bbox 1080 1729 1256 1782; x_wconf 74' lang='lat' dir='ltr'>nescio</span> <span class='ocrx_word' id='word_1_82' title='bbox 1286 1725 1431 1780; x_wconf 88' lang='lat' dir='ltr'>unde</span> <span class='ocrx_word' id='word_1_83' title='bbox 1450 1767 1465 1792; x_wconf 92' lang='lat'>,</span> 
     </span>
     <span class='ocr_line' id='line_1_16' title="bbox 448 1807 1469 1882; baseline -0.005 -20"><span class='ocrx_word' id='word_1_84' title='bbox 448 1813 604 1862; x_wconf 81' lang='lat' dir='ltr'>Gadir</span> <span class='ocrx_word' id='word_1_85' title='bbox 640 1811 818 1866; x_wconf 83' lang='lat' dir='ltr'>edidit.</span> <span class='ocrx_word' id='word_1_86' title='bbox 850 1811 965 1882; x_wconf 87' lang='lat' dir='ltr'>Ego</span> <span class='ocrx_word' id='word_1_87' title='bbox 1004 1828 1131 1864; x_wconf 86' lang='lat' dir='ltr'>vero</span> <span class='ocrx_word' id='word_1_88' title='bbox 1170 1807 1349 1860; x_wconf 77' lang='lat' dir='ltr'>malim</span> <span class='ocrx_word' id='word_1_89' title='bbox 1389 1824 1469 1858; x_wconf 87' lang='lat' dir='ltr'>re·</span> 
     </span>
     <span class='ocr_line' id='line_1_17' title="bbox 446 1883 1468 1963; baseline -0.004 -21"><span class='ocrx_word' id='word_1_90' title='bbox 446 1883 615 1942; x_wconf 76' lang='lat' dir='ltr'>tinere</span> <span class='ocrx_word' id='word_1_91' title='bbox 644 1895 833 1950; x_wconf 78' lang='lat' dir='ltr'>Gades,</span> <span class='ocrx_word' id='word_1_92' title='bbox 859 1892 978 1963; x_wconf 81' lang='lat' dir='ltr'>quia</span> <span class='ocrx_word' id='word_1_93' title='bbox 997 1890 1101 1942; x_wconf 87' lang='lat' dir='ltr'>hoc</span> <span class='ocrx_word' id='word_1_94' title='bbox 1121 1887 1393 1959; x_wconf 80' lang='lat' dir='ltr'>vulgatum</span> <span class='ocrx_word' id='word_1_95' title='bbox 1418 1897 1468 1938; x_wconf 83' lang='lat' dir='ltr'>et</span> 
     </span>
     <span class='ocr_line' id='line_1_18' title="bbox 447 1963 1471 2038; baseline 0 -18"><span class='ocrx_word' id='word_1_96' title='bbox 447 1971 612 2020; x_wconf 85' lang='lat' dir='ltr'>Roma</span> <span class='ocrx_word' id='word_1_97' title='bbox 620 1989 747 2021; x_wconf 88' lang='lat' dir='ltr'>num</span> <span class='ocrx_word' id='word_1_98' title='bbox 758 1988 883 2022; x_wconf 83' lang='lat' dir='ltr'>voca</span> <span class='ocrx_word' id='word_1_99' title='bbox 890 1969 1073 2022; x_wconf 87' lang='lat' dir='ltr'>bulum</span> <span class='ocrx_word' id='word_1_100' title='bbox 1083 2008 1098 2029; x_wconf 88' lang='lat'><strong>,</strong></span> <span class='ocrx_word' id='word_1_101' title='bbox 1111 1963 1257 2038; x_wconf 87' lang='lat' dir='ltr'>quod</span> <span class='ocrx_word' id='word_1_102' title='bbox 1268 1965 1471 2036; x_wconf 83' lang='lat' dir='ltr'>origine</span> 
     </span>
     <span class='ocr_line' id='line_1_19' title="bbox 450 2047 1469 2114; baseline -0.003 -15"><span class='ocrx_word' id='word_1_103' title='bbox 450 2049 731 2101; x_wconf 82' lang='lat' dir='ltr'>barbarum</span> <span class='ocrx_word' id='word_1_104' title='bbox 747 2088 761 2114; x_wconf 85' lang='lat'>,</span> <span class='ocrx_word' id='word_1_105' title='bbox 781 2060 832 2101; x_wconf 88' lang='lat' dir='ltr'>et</span> <span class='ocrx_word' id='word_1_106' title='bbox 858 2067 920 2100; x_wconf 80' lang='lat' dir='ltr'>ex</span> <span class='ocrx_word' id='word_1_107' title='bbox 949 2047 1155 2102; x_wconf 82' lang='lat' dir='ltr'>Gaddir</span> <span class='ocrx_word' id='word_1_108' title='bbox 1182 2048 1469 2102; x_wconf 80' lang='lat' dir='ltr'>formatum</span> 
     </span>
     <span class='ocr_line' id='line_1_20' title="bbox 450 2122 1471 2200; baseline -0.006 -21"><span class='ocrx_word' id='word_1_109' title='bbox 450 2146 591 2198; x_wconf 76' lang='lat' dir='ltr'>esse,</span> <span class='ocrx_word' id='word_1_110' title='bbox 631 2146 786 2180; x_wconf 79' lang='lat' dir='ltr'>versu</span> <span class='ocrx_word' id='word_1_111' title='bbox 835 2125 1049 2180; x_wconf 88' lang='lat' dir='ltr'>demum</span> <span class='ocrx_word' id='word_1_112' title='bbox 1096 2137 1347 2200; x_wconf 80' lang='lat' dir='ltr'>sequente</span> <span class='ocrx_word' id='word_1_113' title='bbox 1391 2122 1471 2174; x_wconf 89' lang='lat' dir='ltr'>in-</span> 
     </span>
     <span class='ocr_line' id='line_1_21' title="bbox 450 2205 611 2258; baseline -0.006 -1"><span class='ocrx_word' id='word_1_114' title='bbox 450 2205 611 2258; x_wconf 84' lang='lat' dir='ltr'>dicat.</span> 
     </span>
    </p>

    <p class='ocr_par' dir='ltr' id='par_1_6' title="bbox 450 2283 1485 4111">
     <span class='ocr_line' id='line_1_22' title="bbox 521 2283 1473 2355; baseline 0 -19"><span class='ocrx_word' id='word_1_115' title='bbox 521 2285 642 2338; x_wconf 82' lang='lat'>615.</span> <span class='ocrx_word' id='word_1_116' title='bbox 670 2291 827 2336; x_wconf 77' lang='lat' dir='ltr'>Vocat</span> <span class='ocrx_word' id='word_1_117' title='bbox 849 2287 1068 2355; x_wconf 81' lang='lat' dir='ltr'>undique</span> <span class='ocrx_word' id='word_1_118' title='bbox 1092 2283 1473 2353; x_wconf 79' lang='lat' dir='ltr'>sepmm.Varie</span> 
     </span>
     <span class='ocr_line' id='line_1_23' title="bbox 450 2366 1471 2435; baseline -0.003 -17"><span class='ocrx_word' id='word_1_119' title='bbox 450 2366 698 2419; x_wconf 78' lang='lat' dir='ltr'>scribitur</span> <span class='ocrx_word' id='word_1_120' title='bbox 733 2366 955 2419; x_wconf 85' lang='lat' dir='ltr'>verbum</span> <span class='ocrx_word' id='word_1_121' title='bbox 1010 2384 1141 2435; x_wconf 71' lang='lat' dir='ltr'>septo</span> <span class='ocrx_word' id='word_1_122' title='bbox 1184 2377 1233 2418; x_wconf 88' lang='lat' dir='ltr'>et</span> <span class='ocrx_word' id='word_1_123' title='bbox 1276 2382 1471 2421; x_wconf 80' lang='lat' dir='ltr'>nomen</span> 
     </span>
     <span class='ocr_line' id='line_1_24' title="bbox 450 2443 1471 2513; baseline 0.001 -19"><span class='ocrx_word' id='word_1_124' title='bbox 450 2464 613 2511; x_wconf 80' lang='lat' dir='ltr'><em>sepes,</em></span> <span class='ocrx_word' id='word_1_125' title='bbox 634 2463 754 2496; x_wconf 78' lang='lat' dir='ltr'>nam</span> <span class='ocrx_word' id='word_1_126' title='bbox 769 2443 855 2498; x_wconf 82' lang='lat' dir='ltr'>alii</span> <span class='ocrx_word' id='word_1_127' title='bbox 874 2443 1044 2496; x_wconf 79' lang='lat' dir='ltr'>solent</span> <span class='ocrx_word' id='word_1_128' title='bbox 1057 2447 1206 2513; x_wconf 82' lang='lat' dir='ltr'>soepe&#39;o</span> <span class='ocrx_word' id='word_1_129' title='bbox 1227 2454 1275 2496; x_wconf 86' lang='lat' dir='ltr'>et</span> <span class='ocrx_word' id='word_1_130' title='bbox 1299 2463 1471 2513; x_wconf 76' lang='lat' dir='ltr'>saepes.</span> 
     </span>
     <span class='ocr_line' id='line_1_25' title="bbox 450 2523 1473 2597; baseline -0.003 -22"><span class='ocrx_word' id='word_1_131' title='bbox 450 2523 705 2579; x_wconf 83' lang='lat' dir='ltr'>Neutram</span> <span class='ocrx_word' id='word_1_132' title='bbox 719 2523 1033 2597; x_wconf 80' lang='lat' dir='ltr'>scripturam</span> <span class='ocrx_word' id='word_1_133' title='bbox 1050 2523 1273 2577; x_wconf 85' lang='lat' dir='ltr'>damno:</span> <span class='ocrx_word' id='word_1_134' title='bbox 1290 2541 1473 2576; x_wconf 78' lang='lat' dir='ltr'>secun-</span> 
     </span>
     <span class='ocr_line' id='line_1_26' title="bbox 452 2600 1471 2678; baseline 0.001 -25"><span class='ocrx_word' id='word_1_135' title='bbox 452 2600 572 2655; x_wconf 82' lang='lat' dir='ltr'>dam</span> <span class='ocrx_word' id='word_1_136' title='bbox 616 2604 838 2678; x_wconf 78' lang='lat' dir='ltr'>praefero</span> <span class='ocrx_word' id='word_1_137' title='bbox 854 2642 869 2667; x_wconf 86' lang='lat'>‚</span> <span class='ocrx_word' id='word_1_138' title='bbox 907 2604 1032 2675; x_wconf 85' lang='lat' dir='ltr'>quia</span> <span class='ocrx_word' id='word_1_139' title='bbox 1070 2604 1144 2656; x_wconf 78' lang='lat' dir='ltr'>sic</span> <span class='ocrx_word' id='word_1_140' title='bbox 1188 2603 1375 2676; x_wconf 69' lang='lat' dir='ltr'>saepius</span> <span class='ocrx_word' id='word_1_141' title='bbox 1417 2603 1471 2655; x_wconf 89' lang='lat' dir='ltr'>in</span> 
     </span>
     <span class='ocr_line' id='line_1_27' title="bbox 452 2680 1475 2754; baseline 0.003 -23"><span class='ocrx_word' id='word_1_142' title='bbox 452 2680 636 2735; x_wconf 78' lang='lat' dir='ltr'>codice</span> <span class='ocrx_word' id='word_1_143' title='bbox 675 2683 883 2754; x_wconf 83' lang='lat' dir='ltr'>Virgilii</span> <span class='ocrx_word' id='word_1_144' title='bbox 922 2682 1179 2736; x_wconf 86' lang='lat' dir='ltr'>Mediceo.</span> <span class='ocrx_word' id='word_1_145' title='bbox 1220 2684 1475 2736; x_wconf 74' lang='lat' dir='ltr'>Scan.—</span> 
     </span>
     <span class='ocr_line' id='line_1_28' title="bbox 454 2762 1475 2835; baseline -0.002 -20"><span class='ocrx_word' id='word_1_146' title='bbox 454 2762 742 2818; x_wconf 82' lang='lat' dir='ltr'>Burmann.</span> <span class='ocrx_word' id='word_1_147' title='bbox 767 2762 837 2814; x_wconf 90' lang='lat' dir='ltr'>ad</span> <span class='ocrx_word' id='word_1_148' title='bbox 864 2766 1094 2835; x_wconf 79' lang='lat' dir='ltr'>copam,</span> <span class='ocrx_word' id='word_1_149' title='bbox 1128 2782 1203 2815; x_wconf 80' lang='lat' dir='ltr'>vs.</span> <span class='ocrx_word' id='word_1_150' title='bbox 1233 2764 1297 2815; x_wconf 82' lang='lat'>28</span> <span class='ocrx_word' id='word_1_151' title='bbox 1320 2798 1336 2825; x_wconf 87' lang='lat'>‚</span> <span class='ocrx_word' id='word_1_152' title='bbox 1377 2780 1475 2832; x_wconf 89' lang='lat' dir='ltr'>pro</span> 
     </span>
     <span class='ocr_line' id='line_1_29' title="bbox 453 2830 1477 2917; baseline -0.002 -22"><span class='ocrx_word' id='word_1_153' title='bbox 453 2870 473 2889; x_wconf 80' lang='grc' dir='ltr'>«ι</span> <span class='ocrx_word' id='word_1_154' title='bbox 499 2844 653 2897; x_wconf 87' lang='lat' dir='ltr'>Nunc</span> <span class='ocrx_word' id='word_1_155' title='bbox 670 2843 823 2899; x_wconf 85' lang='lat' dir='ltr'>etiam</span> <span class='ocrx_word' id='word_1_156' title='bbox 845 2842 901 2896; x_wconf 89' lang='lat' dir='ltr'>in</span> <span class='ocrx_word' id='word_1_157' title='bbox 929 2842 1105 2917; x_wconf 82' lang='lat' dir='ltr'>gelida</span> <span class='ocrx_word' id='word_1_158' title='bbox 1135 2842 1258 2895; x_wconf 87' lang='lat' dir='ltr'>sede</span> <span class='ocrx_word' id='word_1_159' title='bbox 1283 2830 1477 2895; x_wconf 77' lang='lat' dir='ltr'>incerta</span> 
     </span>
     <span class='ocr_line' id='line_1_30' title="bbox 454 2920 1477 2997; baseline -0.003 -22"><span class='ocrx_word' id='word_1_160' title='bbox 454 2924 611 2977; x_wconf 72' lang='lat' dir='ltr'>latet»</span> <span class='ocrx_word' id='word_1_161' title='bbox 632 2926 742 2977; x_wconf 87' lang='lat' dir='ltr'>vult</span> <span class='ocrx_word' id='word_1_162' title='bbox 761 2944 905 2995; x_wconf 79' lang='lat' dir='ltr'>sepe:</span> <span class='ocrx_word' id='word_1_163' title='bbox 928 2921 1073 2997; x_wconf 92' lang='lat' dir='ltr'>quod</span> <span class='ocrx_word' id='word_1_164' title='bbox 1094 2921 1353 2993; x_wconf 79' lang='lat' dir='ltr'>probabat</span> <span class='ocrx_word' id='word_1_165' title='bbox 1367 2920 1477 2973; x_wconf 89' lang='lat' dir='ltr'>Ou-</span> 
     </span>
     <span class='ocr_line' id='line_1_31' title="bbox 454 3001 1474 3075; baseline 0.001 -21"><span class='ocrx_word' id='word_1_166' title='bbox 454 3002 613 3057; x_wconf 86' lang='lat' dir='ltr'>dend.</span> <span class='ocrx_word' id='word_1_167' title='bbox 637 3003 705 3057; x_wconf 85' lang='lat' dir='ltr'>ad</span> <span class='ocrx_word' id='word_1_168' title='bbox 730 3004 877 3075; x_wconf 84' lang='lat' dir='ltr'>Calp.</span> <span class='ocrx_word' id='word_1_169' title='bbox 897 3003 1008 3067; x_wconf 89' lang='lat'>111,</span> <span class='ocrx_word' id='word_1_170' title='bbox 1048 3002 1115 3073; x_wconf 84' lang='lat'>95</span> <span class='ocrx_word' id='word_1_171' title='bbox 1132 3044 1148 3069; x_wconf 90' lang='lat'><em>‚</em></span> <span class='ocrx_word' id='word_1_172' title='bbox 1180 3001 1474 3072; x_wconf 77' lang='lat' dir='ltr'>corrigens:</span> 
     </span>
     <span class='ocr_line' id='line_1_32' title="bbox 456 3080 1481 3155; baseline -0.006 -18"><span class='ocrx_word' id='word_1_173' title='bbox 456 3082 572 3137; x_wconf 64' lang='lat' dir='ltr'>«evei</span> <span class='ocrx_word' id='word_1_174' title='bbox 592 3085 805 3155; x_wconf 80' lang='lat' dir='ltr'>propius</span> <span class='ocrx_word' id='word_1_175' title='bbox 822 3084 1033 3136; x_wconf 82' lang='lat' dir='ltr'>latitans</span> <span class='ocrx_word' id='word_1_176' title='bbox 1053 3082 1221 3147; x_wconf 68' lang='lat' dir='ltr'>vicina</span> <span class='ocrx_word' id='word_1_177' title='bbox 1242 3100 1363 3153; x_wconf 83' lang='lat' dir='ltr'><strong>sepe</strong></span> <span class='ocrx_word' id='word_1_178' title='bbox 1380 3080 1481 3133; x_wconf 83' lang='lat' dir='ltr'>sub</span> 
     </span>
     <span class='ocr_line' id='line_1_33' title="bbox 454 3158 1480 3221; baseline 0 -10"><span class='ocrx_word' id='word_1_179' title='bbox 454 3158 598 3213; x_wconf 86' lang='lat' dir='ltr'>horti</span> <span class='ocrx_word' id='word_1_180' title='bbox 623 3185 667 3215; x_wconf 83' lang='lat'>·.</span> <span class='ocrx_word' id='word_1_181' title='bbox 684 3162 832 3215; x_wconf 83' lang='lat' dir='ltr'>Hanc</span> <span class='ocrx_word' id='word_1_182' title='bbox 861 3176 1035 3218; x_wconf 81' lang='lat' dir='ltr'>tamen</span> <span class='ocrx_word' id='word_1_183' title='bbox 1062 3159 1480 3221; x_wconf 80' lang='lat' dir='ltr'>emendationem</span> 
     </span>
     <span class='ocr_line' id='line_1_34' title="bbox 458 3236 1479 3315; baseline 0 -24"><span class='ocrx_word' id='word_1_184' title='bbox 458 3236 720 3296; x_wconf 75' lang='lat' dir='ltr'>Werned.</span> <span class='ocrx_word' id='word_1_185' title='bbox 745 3240 939 3295; x_wconf 84' lang='lat' dir='ltr'>refutat</span> <span class='ocrx_word' id='word_1_186' title='bbox 968 3242 1129 3313; x_wconf 71' lang='lat' dir='ltr'>hujus</span> <span class='ocrx_word' id='word_1_187' title='bbox 1155 3262 1242 3315; x_wconf 86' lang='lat' dir='ltr'>op.</span> <span class='ocrx_word' id='word_1_188' title='bbox 1276 3252 1402 3292; x_wconf 87' lang='lat' dir='ltr'>tom.</span> <span class='ocrx_word' id='word_1_189' title='bbox 1427 3242 1479 3307; x_wconf 80' lang='grc' dir='ltr'>Ι,</span> 
     </span>
     <span class='ocr_line' id='line_1_35' title="bbox 458 3318 1480 3391; baseline 0.001 -22"><span class='ocrx_word' id='word_1_190' title='bbox 458 3336 515 3391; x_wconf 87' lang='lat' dir='ltr'>p.</span> <span class='ocrx_word' id='word_1_191' title='bbox 536 3318 657 3382; x_wconf 74' lang='grc'>445.</span> <span class='ocrx_word' id='word_1_192' title='bbox 678 3318 937 3372; x_wconf 87' lang='lat' dir='ltr'>Scribitur</span> <span class='ocrx_word' id='word_1_193' title='bbox 959 3339 990 3372; x_wconf 88' lang='lat' dir='ltr'>a</span> <span class='ocrx_word' id='word_1_194' title='bbox 1012 3320 1281 3373; x_wconf 81' lang='lat' dir='ltr'>nonnullis</span> <span class='ocrx_word' id='word_1_195' title='bbox 1300 3340 1480 3389; x_wconf 80' lang='lat' dir='ltr'>soepes,</span> 
     </span>
     <span class='ocr_line' id='line_1_36' title="bbox 458 3396 1482 3470; baseline 0.003 -21"><span class='ocrx_word' id='word_1_196' title='bbox 458 3396 715 3469; x_wconf 77' lang='lat' dir='ltr'>probante</span> <span class='ocrx_word' id='word_1_197' title='bbox 733 3396 909 3450; x_wconf 88' lang='lat' dir='ltr'>Pierio</span> <span class='ocrx_word' id='word_1_198' title='bbox 932 3397 999 3451; x_wconf 90' lang='lat' dir='ltr'>ad</span> <span class='ocrx_word' id='word_1_199' title='bbox 1020 3399 1167 3470; x_wconf 87' lang='lat' dir='ltr'>Virg.</span> <span class='ocrx_word' id='word_1_200' title='bbox 1187 3399 1295 3453; x_wconf 77' lang='lat'><strong>1⁴:01.</strong></span> <span class='ocrx_word' id='word_1_201' title='bbox 1320 3400 1369 3463; x_wconf 87' lang='lat'>1,</span> <span class='ocrx_word' id='word_1_202' title='bbox 1395 3399 1482 3461; x_wconf 72' lang='lat'>54,</span> 
     </span>
     <span class='ocr_line' id='line_1_37' title="bbox 457 3476 1482 3551; baseline 0.002 -22"><span class='ocrx_word' id='word_1_203' title='bbox 457 3490 673 3550; x_wconf 83' lang='lat' dir='ltr'>propter</span> <span class='ocrx_word' id='word_1_204' title='bbox 708 3476 1019 3533; x_wconf 82' lang='lat' dir='ltr'>adverbium</span> <span class='ocrx_word' id='word_1_205' title='bbox 1050 3500 1181 3549; x_wconf 82' lang='lat' dir='ltr'>soepe</span> <span class='ocrx_word' id='word_1_206' title='bbox 1213 3478 1482 3551; x_wconf 85' lang='lat' dir='ltr'>ejusdem,</span> 
     </span>
     <span class='ocr_line' id='line_1_38' title="bbox 460 3556 1483 3631; baseline 0 -22"><span class='ocrx_word' id='word_1_207' title='bbox 460 3570 516 3609; x_wconf 91' lang='lat' dir='ltr'>ut</span> <span class='ocrx_word' id='word_1_208' title='bbox 543 3558 640 3624; x_wconf 84' lang='lat' dir='ltr'>ait,</span> <span class='ocrx_word' id='word_1_209' title='bbox 670 3556 921 3629; x_wconf 79' lang='lat' dir='ltr'>originis:</span> <span class='ocrx_word' id='word_1_210' title='bbox 948 3577 1106 3629; x_wconf 86' lang='lat' dir='ltr'>quem</span> <span class='ocrx_word' id='word_1_211' title='bbox 1127 3559 1362 3631; x_wconf 79' lang='lat' dir='ltr'>sequitur</span> <span class='ocrx_word' id='word_1_212' title='bbox 1379 3558 1483 3609; x_wconf 87' lang='lat' dir='ltr'>No·</span> 
     </span>
     <span class='ocr_line' id='line_1_39' title="bbox 458 3637 1481 3713; baseline 0.002 -24"><span class='ocrx_word' id='word_1_213' title='bbox 458 3640 611 3693; x_wconf 66' lang='lat' dir='ltr'>risina</span> <span class='ocrx_word' id='word_1_214' title='bbox 637 3637 707 3691; x_wconf 86' lang='lat' dir='ltr'>ad</span> <span class='ocrx_word' id='word_1_215' title='bbox 736 3638 920 3693; x_wconf 89' lang='lat' dir='ltr'>Cenot.</span> <span class='ocrx_word' id='word_1_216' title='bbox 958 3638 1131 3694; x_wconf 78' lang='lat' dir='ltr'>Pisan.</span> <span class='ocrx_word' id='word_1_217' title='bbox 1160 3658 1212 3713; x_wconf 86' lang='lat' dir='ltr'>p.</span> <span class='ocrx_word' id='word_1_218' title='bbox 1236 3638 1355 3703; x_wconf 75' lang='lat'><em>485.</em></span> <span class='ocrx_word' id='word_1_219' title='bbox 1378 3638 1481 3691; x_wconf 87' lang='lat' dir='ltr'>Sed</span> 
     </span>
     <span class='ocr_line' id='line_1_40' title="bbox 460 3717 1482 3791; baseline 0 -22"><span class='ocrx_word' id='word_1_220' title='bbox 460 3717 513 3769; x_wconf 90' lang='lat' dir='ltr'>id</span> <span class='ocrx_word' id='word_1_221' title='bbox 546 3718 845 3771; x_wconf 71' lang='lat' dir='ltr'>confusioni</span> <span class='ocrx_word' id='word_1_222' title='bbox 869 3737 1271 3791; x_wconf 76' lang='lat' dir='ltr'>nonnumquam</span> <span class='ocrx_word' id='word_1_223' title='bbox 1302 3736 1482 3771; x_wconf 74' lang='lat' dir='ltr'>ansam</span> 
     </span>
     <span class='ocr_line' id='line_1_41' title="bbox 459 3794 1481 3868; baseline 0.002 -20"><span class='ocrx_word' id='word_1_224' title='bbox 459 3796 701 3868; x_wconf 63' lang='lat' dir='ltr'>prebuit.</span> <span class='ocrx_word' id='word_1_225' title='bbox 726 3798 865 3849; x_wconf 86' lang='lat' dir='ltr'>Hinc</span> <span class='ocrx_word' id='word_1_226' title='bbox 889 3798 1025 3851; x_wconf 85' lang='lat' dir='ltr'>male</span> <span class='ocrx_word' id='word_1_227' title='bbox 1054 3798 1231 3852; x_wconf 79' lang='lat' dir='ltr'>Davis.</span> <span class='ocrx_word' id='word_1_228' title='bbox 1262 3794 1329 3850; x_wconf 86' lang='lat' dir='ltr'>ad</span> <span class='ocrx_word' id='word_1_229' title='bbox 1370 3798 1481 3850; x_wconf 84' lang='lat' dir='ltr'>cic.</span> 
     </span>
     <span class='ocr_line' id='line_1_42' title="bbox 461 3875 1485 3953; baseline -0.001 -24"><span class='ocrx_word' id='word_1_230' title='bbox 461 3875 529 3929; x_wconf 93' lang='lat' dir='ltr'>de</span> <span class='ocrx_word' id='word_1_231' title='bbox 551 3877 665 3928; x_wconf 78' lang='lat' dir='ltr'>niv.</span> <span class='ocrx_word' id='word_1_232' title='bbox 689 3876 781 3930; x_wconf 91' lang='lat' dir='ltr'>lib.</span> <span class='ocrx_word' id='word_1_233' title='bbox 814 3879 839 3929; x_wconf 91' lang='lat'>1</span> <span class='ocrx_word' id='word_1_234' title='bbox 856 3918 871 3943; x_wconf 92' lang='lat'>,</span> <span class='ocrx_word' id='word_1_235' title='bbox 898 3897 1013 3953; x_wconf 86' lang='lat' dir='ltr'>cap.</span> <span class='ocrx_word' id='word_1_236' title='bbox 1032 3898 1063 3949; x_wconf 88' lang='lat'>7</span> <span class='ocrx_word' id='word_1_237' title='bbox 1086 3896 1100 3930; x_wconf 70' lang='grc' dir='ltr'>ε</span> <span class='ocrx_word' id='word_1_238' title='bbox 1140 3904 1163 3921; x_wconf 77' lang='lat'>‹-</span> <span class='ocrx_word' id='word_1_239' title='bbox 1184 3876 1485 3948; x_wconf 80' lang='lat' dir='ltr'>adaugescit</span> 
     </span>
     <span class='ocr_line' id='line_1_43' title="bbox 460 3958 1485 4033; baseline 0.003 -26"><span class='ocrx_word' id='word_1_240' title='bbox 460 3958 687 4027; x_wconf 71' lang='lat' dir='ltr'>(ventus)</span> <span class='ocrx_word' id='word_1_241' title='bbox 735 3958 1071 4033; x_wconf 77' lang='lat' dir='ltr'>scopulorum</span> <span class='ocrx_word' id='word_1_242' title='bbox 1120 3978 1260 4031; x_wconf 76' lang='lat' dir='ltr'>saepe</span> <span class='ocrx_word' id='word_1_243' title='bbox 1313 3960 1485 4031; x_wconf 85' lang='lat' dir='ltr'>repul·</span> 
     </span>
     <span class='ocr_line' id='line_1_44' title="bbox 465 4038 1484 4111; baseline 0.005 -23"><span class='ocrx_word' id='word_1_244' title='bbox 465 4055 553 4089; x_wconf 78' lang='lat' dir='ltr'>sus</span> <span class='ocrx_word' id='word_1_245' title='bbox 577 4062 599 4082; x_wconf 84' lang='lat'><strong>·</strong></span> <span class='ocrx_word' id='word_1_246' title='bbox 630 4038 794 4091; x_wconf 74' lang='lat' dir='ltr'>voluit</span> <span class='ocrx_word' id='word_1_247' title='bbox 822 4059 1077 4111; x_wconf 85' lang='lat' dir='ltr'>reponere</span> <span class='ocrx_word' id='word_1_248' title='bbox 1109 4044 1332 4109; x_wconf 79' lang='lat' dir='ltr'>repulsu,</span> <span class='ocrx_word' id='word_1_249' title='bbox 1376 4058 1484 4096; x_wconf 83' lang='lat' dir='ltr'>non</span> 
     </span>
    </p>
   </div>
   <div class='ocr_carea' id='block_1_5' title="bbox 464 4116 1481 4197">
    <p class='ocr_par' dir='ltr' id='par_1_7' title="bbox 464 4116 1481 4197">
     <span class='ocr_line' id='line_1_45' title="bbox 464 4116 1481 4197; baseline 0.008 -28"><span class='ocrx_word' id='word_1_250' title='bbox 464 4116 697 4189; x_wconf 58' lang='lat' dir='ltr'>cogitans</span> <span class='ocrx_word' id='word_1_251' title='bbox 737 4138 867 4187; x_wconf 67' lang='grc' dir='ltr'>ηερε</span> <span class='ocrx_word' id='word_1_252' title='bbox 905 4138 1017 4197; x_wconf 50' lang='lat' dir='ltr'>eene</span> <span class='ocrx_word' id='word_1_253' title='bbox 1050 4120 1435 4185; x_wconf 62' lang='lat' dir='ltr'>substantivum</span> <span class='ocrx_word' id='word_1_254' title='bbox 1466 4138 1481 4177; x_wconf 73' lang='grc' dir='ltr'><strong><em>ε</em></strong></span> 
     </span>
    </p>
   </div>
   <div class='ocr_carea' id='block_1_6' title="bbox 1551 1166 2603 4093">
    <p class='ocr_par' dir='ltr' id='par_1_8' title="bbox 1551 1166 2585 2118">
     <span class='ocr_line' id='line_1_46' title="bbox 1551 1166 2574 1238; baseline 0.002 -20"><span class='ocrx_word' id='word_1_255' title='bbox 1551 1185 1674 1218; x_wconf 86' lang='lat' dir='ltr'>nam</span> <span class='ocrx_word' id='word_1_256' title='bbox 1703 1179 1893 1220; x_wconf 79' lang='lat' dir='ltr'>ventus</span> <span class='ocrx_word' id='word_1_257' title='bbox 1927 1172 2144 1237; x_wconf 80' lang='lat' dir='ltr'>repulsus</span> <span class='ocrx_word' id='word_1_258' title='bbox 2183 1166 2381 1220; x_wconf 85' lang='lat' dir='ltr'>dicitur</span> <span class='ocrx_word' id='word_1_259' title='bbox 2403 1188 2574 1238; x_wconf 77' lang='lat' dir='ltr'>seopu-</span> 
     </span>
     <span class='ocr_line' id='line_1_47' title="bbox 1551 1245 2566 1320; baseline 0.007 -23"><span class='ocrx_word' id='word_1_260' title='bbox 1551 1249 1638 1307; x_wconf 79' lang='lat' dir='ltr'>lis,</span> <span class='ocrx_word' id='word_1_261' title='bbox 1659 1257 1714 1298; x_wconf 78' lang='lat' dir='ltr'>ut</span> <span class='ocrx_word' id='word_1_262' title='bbox 1736 1245 1882 1320; x_wconf 80' lang='lat' dir='ltr'>apud</span> <span class='ocrx_word' id='word_1_263' title='bbox 1909 1248 2244 1315; x_wconf 85' lang='lat' dir='ltr'>Vitruvium,</span> <span class='ocrx_word' id='word_1_264' title='bbox 2272 1247 2365 1300; x_wconf 90' lang='lat' dir='ltr'>lib.</span> <span class='ocrx_word' id='word_1_265' title='bbox 2396 1247 2456 1314; x_wconf 91' lang='lat'>1,</span> <span class='ocrx_word' id='word_1_266' title='bbox 2493 1251 2566 1304; x_wconf 70' lang='lat'>63</span> 
     </span>
     <span class='ocr_line' id='line_1_48' title="bbox 1551 1326 2577 1416; baseline 0.004 -40"><span class='ocrx_word' id='word_1_267' title='bbox 1551 1353 1576 1371; x_wconf 69' lang='grc' dir='ltr'>ιι</span> <span class='ocrx_word' id='word_1_268' title='bbox 1596 1326 1759 1378; x_wconf 87' lang='lat' dir='ltr'>Venti</span> <span class='ocrx_word' id='word_1_269' title='bbox 1785 1326 1853 1380; x_wconf 82' lang='lat' dir='ltr'>ad</span> <span class='ocrx_word' id='word_1_270' title='bbox 1880 1326 2105 1416; x_wconf 63' lang='lat' dir='ltr'>angulos</span> <span class='ocrx_word' id='word_1_271' title='bbox 2131 1327 2466 1400; x_wconf 77' lang='lat' dir='ltr'>frangantur,</span> <span class='ocrx_word' id='word_1_272' title='bbox 2493 1347 2577 1382; x_wconf 86' lang='lat' dir='ltr'>re-</span> 
     </span>
     <span class='ocr_line' id='line_1_49' title="bbox 1552 1403 2574 1485; baseline 0.002 -29"><span class='ocrx_word' id='word_1_273' title='bbox 1552 1404 1800 1481; x_wconf 74' lang='lat' dir='ltr'>pulsique</span> <span class='ocrx_word' id='word_1_274' title='bbox 1837 1403 2157 1485; x_wconf 72' lang='lat' dir='ltr'>dissipentur</span> <span class='ocrx_word' id='word_1_275' title='bbox 2178 1431 2217 1465; x_wconf 65' lang='grc' dir='ltr'>η.</span> <span class='ocrx_word' id='word_1_276' title='bbox 2269 1407 2335 1458; x_wconf 86' lang='lat' dir='ltr'>Et</span> <span class='ocrx_word' id='word_1_277' title='bbox 2371 1407 2574 1460; x_wconf 77' lang='lat' dir='ltr'>Lucan.</span> 
     </span>
     <span class='ocr_line' id='line_1_50' title="bbox 1551 1483 2578 1558; baseline 0.004 -22"><span class='ocrx_word' id='word_1_278' title='bbox 1551 1483 1632 1536; x_wconf 85' lang='lat' dir='ltr'>IX</span> <span class='ocrx_word' id='word_1_279' title='bbox 1649 1525 1665 1552; x_wconf 78' lang='lat'>,</span> <span class='ocrx_word' id='word_1_280' title='bbox 1696 1486 1800 1548; x_wconf 77' lang='lat'>450</span> <span class='ocrx_word' id='word_1_281' title='bbox 1823 1504 1836 1540; x_wconf 72' lang='grc' dir='ltr'><strong><em>ε</em></strong></span> <span class='ocrx_word' id='word_1_282' title='bbox 1868 1511 1894 1530; x_wconf 71' lang='grc' dir='ltr'><strong>α</strong></span> <span class='ocrx_word' id='word_1_283' title='bbox 1917 1485 2250 1558; x_wconf 69' lang='lat' dir='ltr'>scopulisque</span> <span class='ocrx_word' id='word_1_284' title='bbox 2267 1484 2515 1558; x_wconf 72' lang='lat' dir='ltr'>repulsus</span> <span class='ocrx_word' id='word_1_285' title='bbox 2534 1509 2578 1550; x_wconf 65' lang='grc' dir='ltr'>ρ.</span> 
     </span>
     <span class='ocr_line' id='line_1_51' title="bbox 1552 1563 2581 1638; baseline 0.004 -22"><span class='ocrx_word' id='word_1_286' title='bbox 1552 1563 1663 1618; x_wconf 73' lang='lat' dir='ltr'>Nos</span> <span class='ocrx_word' id='word_1_287' title='bbox 1682 1584 1828 1631; x_wconf 85' lang='lat' dir='ltr'>vero,</span> <span class='ocrx_word' id='word_1_288' title='bbox 1843 1577 1899 1618; x_wconf 88' lang='lat' dir='ltr'>ut</span> <span class='ocrx_word' id='word_1_289' title='bbox 1915 1585 2152 1620; x_wconf 84' lang='lat' dir='ltr'>errorem</span> <span class='ocrx_word' id='word_1_290' title='bbox 2167 1584 2330 1638; x_wconf 82' lang='lat' dir='ltr'>quam</span> <span class='ocrx_word' id='word_1_291' title='bbox 2351 1565 2581 1620; x_wconf 81' lang='lat' dir='ltr'>maxime</span> 
     </span>
     <span class='ocr_line' id='line_1_52' title="bbox 1553 1643 2583 1717; baseline 0.003 -21"><span class='ocrx_word' id='word_1_292' title='bbox 1553 1643 1917 1716; x_wconf 61' lang='lat' dir='ltr'>pravitemus,</span> <span class='ocrx_word' id='word_1_293' title='bbox 1942 1665 2078 1714; x_wconf 77' lang='lat' dir='ltr'>sepes</span> <span class='ocrx_word' id='word_1_294' title='bbox 2098 1655 2149 1700; x_wconf 82' lang='lat' dir='ltr'>et</span> <span class='ocrx_word' id='word_1_295' title='bbox 2175 1649 2329 1717; x_wconf 80' lang='lat' dir='ltr'>sepire</span> <span class='ocrx_word' id='word_1_296' title='bbox 2351 1646 2583 1700; x_wconf 69' lang='lat' dir='ltr'>scribere</span> 
     </span>
     <span class='ocr_line' id='line_1_53' title="bbox 1553 1722 2581 1791; baseline 0.007 -17"><span class='ocrx_word' id='word_1_297' title='bbox 1553 1722 1898 1784; x_wconf 68' lang='lat' dir='ltr'>decrevimus.</span> <span class='ocrx_word' id='word_1_298' title='bbox 1923 1725 2032 1780; x_wconf 82' lang='lat' dir='ltr'>En.</span> <span class='ocrx_word' id='word_1_299' title='bbox 2059 1757 2130 1766; x_wconf 89' lang='lat'>—</span> <span class='ocrx_word' id='word_1_300' title='bbox 2151 1729 2310 1778; x_wconf 74' lang='lat' dir='ltr'>Gadir-</span> <span class='ocrx_word' id='word_1_301' title='bbox 2342 1725 2581 1791; x_wconf 63' lang='lat' dir='ltr'>scribunt</span> 
     </span>
     <span class='ocr_line' id='line_1_54' title="bbox 1553 1804 2580 1881; baseline 0.005 -26"><span class='ocrx_word' id='word_1_302' title='bbox 1553 1823 1738 1857; x_wconf 83' lang='lat' dir='ltr'>omnes</span> <span class='ocrx_word' id='word_1_303' title='bbox 1765 1805 2022 1881; x_wconf 78' lang='lat' dir='ltr'>antiquoe‚</span> <span class='ocrx_word' id='word_1_304' title='bbox 2056 1805 2180 1858; x_wconf 88' lang='lat' dir='ltr'>item</span> <span class='ocrx_word' id='word_1_305' title='bbox 2197 1804 2368 1860; x_wconf 77' lang='lat' dir='ltr'>Huds.</span> <span class='ocrx_word' id='word_1_306' title='bbox 2389 1806 2490 1859; x_wconf 86' lang='lat' dir='ltr'>Hic</span> <span class='ocrx_word' id='word_1_307' title='bbox 2509 1818 2580 1860; x_wconf 83' lang='lat' dir='ltr'>ta-</span> 
     </span>
     <span class='ocr_line' id='line_1_55' title="bbox 1555 1884 2585 1952; baseline 0.004 -18"><span class='ocrx_word' id='word_1_308' title='bbox 1555 1903 1676 1936; x_wconf 86' lang='lat' dir='ltr'>men</span> <span class='ocrx_word' id='word_1_309' title='bbox 1697 1884 1827 1938; x_wconf 64' lang='lat' dir='ltr'>alios</span> <span class='ocrx_word' id='word_1_310' title='bbox 1849 1887 2042 1935; x_wconf 80' lang='lat' dir='ltr'>Gaddir</span> <span class='ocrx_word' id='word_1_311' title='bbox 2062 1885 2216 1938; x_wconf 82' lang='lat' dir='ltr'>malle</span> <span class='ocrx_word' id='word_1_312' title='bbox 2236 1885 2478 1938; x_wconf 74' lang='lat' dir='ltr'>observat</span> <span class='ocrx_word' id='word_1_313' title='bbox 2495 1927 2512 1952; x_wconf 87' lang='lat'>‚</span> <span class='ocrx_word' id='word_1_314' title='bbox 2533 1895 2585 1938; x_wconf 79' lang='lat' dir='ltr'>et</span> 
     </span>
     <span class='ocr_line' id='line_1_56' title="bbox 1553 1962 2579 2038; baseline 0.003 -23"><span class='ocrx_word' id='word_1_315' title='bbox 1553 1962 1867 2018; x_wconf 81' lang='lat' dir='ltr'>salmasium</span> <span class='ocrx_word' id='word_1_316' title='bbox 1885 1964 2012 2018; x_wconf 83' lang='lat' dir='ltr'>citat</span> <span class='ocrx_word' id='word_1_317' title='bbox 2032 1966 2084 2021; x_wconf 86' lang='lat' dir='ltr'>in</span> <span class='ocrx_word' id='word_1_318' title='bbox 2106 1965 2292 2020; x_wconf 75' lang='lat' dir='ltr'>Exere.</span> <span class='ocrx_word' id='word_1_319' title='bbox 2315 1966 2444 2018; x_wconf 85' lang='lat' dir='ltr'>Plin.</span> <span class='ocrx_word' id='word_1_320' title='bbox 2459 1984 2579 2038; x_wconf 80' lang='lat' dir='ltr'>pag.</span> 
     </span>
     <span class='ocr_line' id='line_1_57' title="bbox 1559 2042 2480 2118; baseline 0.001 -24"><span class='ocrx_word' id='word_1_321' title='bbox 1559 2061 1675 2095; x_wconf 60' lang='grc' dir='ltr'>ποι.</span> <span class='ocrx_word' id='word_1_322' title='bbox 1697 2042 1847 2096; x_wconf 87' lang='lat' dir='ltr'>Idem</span> <span class='ocrx_word' id='word_1_323' title='bbox 1883 2042 2211 2098; x_wconf 73' lang='lat' dir='ltr'>Schraderus</span> <span class='ocrx_word' id='word_1_324' title='bbox 2239 2044 2480 2118; x_wconf 88' lang='lat' dir='ltr'>requirit.</span> 
     </span>
    </p>

    <p class='ocr_par' dir='ltr' id='par_1_9' title="bbox 1558 2125 2581 2351">
     <span class='ocr_line' id='line_1_58' title="bbox 1627 2125 2576 2196; baseline 0 -18"><span class='ocrx_word' id='word_1_325' title='bbox 1627 2129 1747 2178; x_wconf 84' lang='lat'>616.</span> <span class='ocrx_word' id='word_1_326' title='bbox 1777 2132 1979 2196; x_wconf 73' lang='lat' dir='ltr'>Aggere</span> <span class='ocrx_word' id='word_1_327' title='bbox 2005 2131 2282 2195; x_wconf 72' lang='lat' dir='ltr'>praeducto.</span> <span class='ocrx_word' id='word_1_328' title='bbox 2323 2125 2415 2178; x_wconf 78' lang='lat' dir='ltr'>Sii.</span> <span class='ocrx_word' id='word_1_329' title='bbox 2455 2125 2576 2178; x_wconf 77' lang='lat' dir='ltr'>Ital.</span> 
     </span>
     <span class='ocr_line' id='line_1_59' title="bbox 1558 2205 2581 2278; baseline 0.002 -20"><span class='ocrx_word' id='word_1_330' title='bbox 1558 2206 1609 2268; x_wconf 82' lang='lat' dir='ltr'><em>X</em></span> <span class='ocrx_word' id='word_1_331' title='bbox 1623 2247 1639 2274; x_wconf 86' lang='lat'>,</span> <span class='ocrx_word' id='word_1_332' title='bbox 1662 2213 1723 2270; x_wconf 72' lang='lat'>41</span> <span class='ocrx_word' id='word_1_333' title='bbox 1738 2225 1759 2260; x_wconf 85' lang='lat'>1</span> <span class='ocrx_word' id='word_1_334' title='bbox 1781 2224 1797 2258; x_wconf 74' lang='grc' dir='ltr'><strong><em>ε</em></strong></span> <span class='ocrx_word' id='word_1_335' title='bbox 1822 2233 1848 2254; x_wconf 70' lang='lat' dir='ltr'><strong>c</strong></span> <span class='ocrx_word' id='word_1_336' title='bbox 1863 2207 2024 2262; x_wconf 75' lang='lat' dir='ltr'>fossas</span> <span class='ocrx_word' id='word_1_337' title='bbox 2049 2208 2246 2269; x_wconf 75' lang='lat' dir='ltr'>instant</span> <span class='ocrx_word' id='word_1_338' title='bbox 2275 2205 2581 2278; x_wconf 65' lang='lat' dir='ltr'>praeducere</span> 
     </span>
     <span class='ocr_line' id='line_1_60' title="bbox 1559 2285 1978 2351; baseline 0.005 -13"><span class='ocrx_word' id='word_1_339' title='bbox 1559 2287 1724 2339; x_wconf 80' lang='lat' dir='ltr'>muris</span> <span class='ocrx_word' id='word_1_340' title='bbox 1744 2312 1788 2339; x_wconf 73' lang='grc' dir='ltr'>ι.</span> <span class='ocrx_word' id='word_1_341' title='bbox 1814 2285 1978 2351; x_wconf 65' lang='lat' dir='ltr'>Scun.</span> 
     </span>
    </p>

    <p class='ocr_par' dir='ltr' id='par_1_10' title="bbox 1557 2364 2603 4093">
     <span class='ocr_line' id='line_1_61' title="bbox 1628 2364 2583 2439; baseline -0.004 -20"><span class='ocrx_word' id='word_1_342' title='bbox 1628 2370 1749 2439; x_wconf 83' lang='lat'>617.</span> <span class='ocrx_word' id='word_1_343' title='bbox 1769 2370 1994 2435; x_wconf 83' lang='lat' dir='ltr'>AEquora</span> <span class='ocrx_word' id='word_1_344' title='bbox 2013 2367 2242 2434; x_wconf 71' lang='lat' dir='ltr'>provecti·</span> <span class='ocrx_word' id='word_1_345' title='bbox 2271 2367 2389 2421; x_wconf 86' lang='lat' dir='ltr'>Non</span> <span class='ocrx_word' id='word_1_346' title='bbox 2413 2364 2583 2435; x_wconf 84' lang='lat' dir='ltr'>probo</span> 
     </span>
     <span class='ocr_line' id='line_1_62' title="bbox 1561 2446 2585 2521; baseline -0.002 -22"><span class='ocrx_word' id='word_1_347' title='bbox 1561 2449 1912 2521; x_wconf 84' lang='lat' dir='ltr'>conjecturam</span> <span class='ocrx_word' id='word_1_348' title='bbox 1958 2446 2228 2501; x_wconf 83' lang='lat' dir='ltr'>Hudsoni:</span> <span class='ocrx_word' id='word_1_349' title='bbox 2252 2449 2472 2515; x_wconf 78' lang='lat' dir='ltr'>provecti</span> <span class='ocrx_word' id='word_1_350' title='bbox 2512 2459 2585 2497; x_wconf 83' lang='lat' dir='ltr'>ee-</span> 
     </span>
     <span class='ocr_line' id='line_1_63' title="bbox 1558 2527 2582 2595; baseline 0.001 -19"><span class='ocrx_word' id='word_1_351' title='bbox 1558 2547 1736 2589; x_wconf 80' lang='lat' dir='ltr'>nuere,</span> <span class='ocrx_word' id='word_1_352' title='bbox 1785 2542 1835 2577; x_wconf 77' lang='lat' dir='ltr'>et</span> <span class='ocrx_word' id='word_1_353' title='bbox 1896 2528 2088 2595; x_wconf 78' lang='lat' dir='ltr'>cespitis</span> <span class='ocrx_word' id='word_1_354' title='bbox 2139 2544 2230 2577; x_wconf 80' lang='lat' dir='ltr'>om</span> <span class='ocrx_word' id='word_1_355' title='bbox 2287 2527 2582 2579; x_wconf 77' lang='lat' dir='ltr'>Constituere</span> 
     </span>
     <span class='ocr_line' id='line_1_64' title="bbox 1558 2602 2581 2659; baseline 0 -2"><span class='ocrx_word' id='word_1_356' title='bbox 1558 2608 1746 2659; x_wconf 82' lang='lat' dir='ltr'>domus.</span> <span class='ocrx_word' id='word_1_357' title='bbox 1771 2604 1929 2657; x_wconf 83' lang='lat' dir='ltr'>Nulla</span> <span class='ocrx_word' id='word_1_358' title='bbox 1975 2604 2118 2657; x_wconf 88' lang='lat' dir='ltr'>enim</span> <span class='ocrx_word' id='word_1_359' title='bbox 2157 2602 2399 2657; x_wconf 85' lang='lat' dir='ltr'>mutandi</span> <span class='ocrx_word' id='word_1_360' title='bbox 2446 2604 2581 2657; x_wconf 88' lang='lat' dir='ltr'>ratio</span> 
     </span>
     <span class='ocr_line' id='line_1_65' title="bbox 1557 2683 2587 2757; baseline 0 -20"><span class='ocrx_word' id='word_1_361' title='bbox 1557 2684 1668 2739; x_wconf 81' lang='lat' dir='ltr'>sine</span> <span class='ocrx_word' id='word_1_362' title='bbox 1694 2684 1825 2745; x_wconf 81' lang='lat' dir='ltr'>MSS</span> <span class='ocrx_word' id='word_1_363' title='bbox 1842 2724 1858 2749; x_wconf 88' lang='lat'><strong>,</strong></span> <span class='ocrx_word' id='word_1_364' title='bbox 1876 2703 2049 2757; x_wconf 83' lang='lat' dir='ltr'>neque</span> <span class='ocrx_word' id='word_1_365' title='bbox 2068 2684 2122 2736; x_wconf 90' lang='lat' dir='ltr'>in</span> <span class='ocrx_word' id='word_1_366' title='bbox 2143 2704 2232 2735; x_wconf 87' lang='lat' dir='ltr'>ora</span> <span class='ocrx_word' id='word_1_367' title='bbox 2261 2695 2464 2736; x_wconf 81' lang='lat' dir='ltr'>tantum</span> <span class='ocrx_word' id='word_1_368' title='bbox 2492 2683 2587 2737; x_wconf 88' lang='lat' dir='ltr'>do-</span> 
     </span>
     <span class='ocr_line' id='line_1_66' title="bbox 1560 2762 2589 2836; baseline 0.003 -21"><span class='ocrx_word' id='word_1_369' title='bbox 1560 2783 1676 2817; x_wconf 83' lang='lat' dir='ltr'>mus</span> <span class='ocrx_word' id='word_1_370' title='bbox 1696 2776 1917 2818; x_wconf 65' lang='lat' dir='ltr'>statuta.</span> <span class='ocrx_word' id='word_1_371' title='bbox 1934 2762 2116 2817; x_wconf 84' lang='lat' dir='ltr'>Tueor</span> <span class='ocrx_word' id='word_1_372' title='bbox 2135 2782 2349 2835; x_wconf 84' lang='lat' dir='ltr'>quoque</span> <span class='ocrx_word' id='word_1_373' title='bbox 2371 2762 2589 2836; x_wconf 80' lang='lat' dir='ltr'>scriptu·</span> 
     </span>
     <span class='ocr_line' id='line_1_67' title="bbox 1560 2840 2585 2915; baseline -0.002 -18"><span class='ocrx_word' id='word_1_374' title='bbox 1560 2863 1674 2897; x_wconf 78' lang='lat' dir='ltr'>ram</span> <span class='ocrx_word' id='word_1_375' title='bbox 1718 2848 1918 2911; x_wconf 68' lang='lat' dir='ltr'>domus,</span> <span class='ocrx_word' id='word_1_376' title='bbox 1957 2844 2082 2915; x_wconf 86' lang='lat' dir='ltr'>quia</span> <span class='ocrx_word' id='word_1_377' title='bbox 2123 2840 2196 2896; x_wconf 78' lang='lat' dir='ltr'>sic</span> <span class='ocrx_word' id='word_1_378' title='bbox 2243 2855 2295 2897; x_wconf 87' lang='lat' dir='ltr'>et</span> <span class='ocrx_word' id='word_1_379' title='bbox 2326 2862 2375 2895; x_wconf 86' lang='lat' dir='ltr'>v.</span> <span class='ocrx_word' id='word_1_380' title='bbox 2418 2847 2585 2909; x_wconf 74' lang='lat'>1064:</span> 
     </span>
     <span class='ocr_line' id='line_1_68' title="bbox 1575 2922 2584 2995; baseline 0 -19"><span class='ocrx_word' id='word_1_381' title='bbox 1575 2951 1594 2969; x_wconf 77' lang='grc' dir='ltr'>ι</span> <span class='ocrx_word' id='word_1_382' title='bbox 1609 2924 1883 2976; x_wconf 81' lang='lat' dir='ltr'>Mutavere</span> <span class='ocrx_word' id='word_1_383' title='bbox 1902 2922 2336 2995; x_wconf 70' lang='lat' dir='ltr'>domusnmeque</span> <span class='ocrx_word' id='word_1_384' title='bbox 2357 2922 2514 2976; x_wconf 82' lang='lat' dir='ltr'>aliter</span> <span class='ocrx_word' id='word_1_385' title='bbox 2527 2923 2584 2977; x_wconf 88' lang='lat' dir='ltr'>in</span> 
     </span>
     <span class='ocr_line' id='line_1_69' title="bbox 1564 3000 2586 3059; baseline -0.003 0"><span class='ocrx_word' id='word_1_386' title='bbox 1564 3002 1700 3059; x_wconf 79' lang='lat' dir='ltr'>Livii</span> <span class='ocrx_word' id='word_1_387' title='bbox 1743 3000 1902 3055; x_wconf 91' lang='lat' dir='ltr'>codd.</span> <span class='ocrx_word' id='word_1_388' title='bbox 1943 3002 2235 3055; x_wconf 86' lang='lat' dir='ltr'>inventum.</span> <span class='ocrx_word' id='word_1_389' title='bbox 2254 3000 2380 3055; x_wconf 83' lang='lat' dir='ltr'>vid.</span> <span class='ocrx_word' id='word_1_390' title='bbox 2418 3002 2586 3056; x_wconf 77' lang='lat' dir='ltr'>Drak-</span> 
     </span>
     <span class='ocr_line' id='line_1_70' title="bbox 1564 3081 2588 3153; baseline -0.003 -17"><span class='ocrx_word' id='word_1_391' title='bbox 1564 3082 1632 3136; x_wconf 79' lang='lat' dir='ltr'>ad</span> <span class='ocrx_word' id='word_1_392' title='bbox 1650 3083 1732 3135; x_wconf 90' lang='lat'>111</span> <span class='ocrx_word' id='word_1_393' title='bbox 1753 3122 1768 3146; x_wconf 87' lang='lat'>‚</span> <span class='ocrx_word' id='word_1_394' title='bbox 1787 3082 1936 3149; x_wconf 80' lang='lat'><strong>29,5.</strong></span> <span class='ocrx_word' id='word_1_395' title='bbox 1957 3081 2413 3153; x_wconf 55' lang='lat' dir='ltr'>Scan—Antiqui</span> <span class='ocrx_word' id='word_1_396' title='bbox 2429 3081 2588 3153; x_wconf 77' lang='lat' dir='ltr'>Cusp,</span> 
     </span>
     <span class='ocr_line' id='line_1_71' title="bbox 1574 3158 2595 3228; baseline 0 -17"><span class='ocrx_word' id='word_1_397' title='bbox 1574 3161 1704 3215; x_wconf 80' lang='lat' dir='ltr'>Vad.</span> <span class='ocrx_word' id='word_1_398' title='bbox 1721 3160 1852 3213; x_wconf 74' lang='lat' dir='ltr'>Pixh.</span> <span class='ocrx_word' id='word_1_399' title='bbox 1882 3158 2156 3213; x_wconf 89' lang='lat' dir='ltr'>ediderunt</span> <span class='ocrx_word' id='word_1_400' title='bbox 2169 3162 2385 3228; x_wconf 74' lang='lat' dir='ltr'>provecti</span> <span class='ocrx_word' id='word_1_401' title='bbox 2397 3174 2595 3211; x_wconf 77' lang='lat' dir='ltr'>tenuere</span> 
     </span>
     <span class='ocr_line' id='line_1_72' title="bbox 1568 3236 2590 3310; baseline -0.001 -16"><span class='ocrx_word' id='word_1_402' title='bbox 1568 3259 1620 3294; x_wconf 78' lang='lat' dir='ltr'>ut</span> <span class='ocrx_word' id='word_1_403' title='bbox 1661 3244 1853 3309; x_wconf 81' lang='lat' dir='ltr'>cespitis</span> <span class='ocrx_word' id='word_1_404' title='bbox 1893 3260 2031 3293; x_wconf 82' lang='lat' dir='ltr'>oram</span> <span class='ocrx_word' id='word_1_405' title='bbox 2047 3279 2060 3299; x_wconf 88' lang='lat'>,</span> <span class='ocrx_word' id='word_1_406' title='bbox 2097 3239 2242 3310; x_wconf 88' lang='lat' dir='ltr'>quod</span> <span class='ocrx_word' id='word_1_407' title='bbox 2274 3236 2590 3309; x_wconf 80' lang='lat' dir='ltr'>quibusdam</span> 
     </span>
     <span class='ocr_line' id='line_1_73' title="bbox 1571 3316 2594 3377; baseline -0.002 -2"><span class='ocrx_word' id='word_1_408' title='bbox 1571 3320 1882 3377; x_wconf 86' lang='lat' dir='ltr'>mendosum</span> <span class='ocrx_word' id='word_1_409' title='bbox 1923 3319 2095 3373; x_wconf 78' lang='lat' dir='ltr'>visum</span> <span class='ocrx_word' id='word_1_410' title='bbox 2145 3328 2237 3370; x_wconf 82' lang='lat' dir='ltr'>est.</span> <span class='ocrx_word' id='word_1_411' title='bbox 2285 3316 2400 3371; x_wconf 86' lang='lat' dir='ltr'>Viri</span> <span class='ocrx_word' id='word_1_412' title='bbox 2449 3316 2594 3373; x_wconf 80' lang='lat' dir='ltr'>docti</span> 
     </span>
     <span class='ocr_line' id='line_1_74' title="bbox 1572 3398 2591 3472; baseline -0.002 -17"><span class='ocrx_word' id='word_1_413' title='bbox 1572 3422 1757 3460; x_wconf 79' lang='lat' dir='ltr'>manus</span> <span class='ocrx_word' id='word_1_414' title='bbox 1789 3399 1844 3453; x_wconf 88' lang='lat' dir='ltr'>in</span> <span class='ocrx_word' id='word_1_415' title='bbox 1881 3420 2046 3472; x_wconf 79' lang='lat' dir='ltr'>marg.</span> <span class='ocrx_word' id='word_1_416' title='bbox 2081 3398 2308 3471; x_wconf 79' lang='lat' dir='ltr'>exempli</span> <span class='ocrx_word' id='word_1_417' title='bbox 2332 3398 2434 3451; x_wconf 88' lang='lat' dir='ltr'>mei</span> <span class='ocrx_word' id='word_1_418' title='bbox 2461 3398 2591 3453; x_wconf 87' lang='lat' dir='ltr'>edit.</span> 
     </span>
     <span class='ocr_line' id='line_1_75' title="bbox 1571 3479 2594 3555; baseline -0.001 -21"><span class='ocrx_word' id='word_1_419' title='bbox 1571 3482 1734 3555; x_wconf 82' lang='lat' dir='ltr'>Cusp.</span> <span class='ocrx_word' id='word_1_420' title='bbox 1766 3479 2064 3533; x_wconf 86' lang='lat' dir='ltr'>emendavit</span> <span class='ocrx_word' id='word_1_421' title='bbox 2103 3494 2303 3531; x_wconf 79' lang='lat' dir='ltr'>tenuere</span> <span class='ocrx_word' id='word_1_422' title='bbox 2339 3482 2473 3531; x_wconf 67' lang='lat' dir='ltr'>lianc</span> <span class='ocrx_word' id='word_1_423' title='bbox 2511 3501 2594 3533; x_wconf 82' lang='lat' dir='ltr'>ce·</span> 
     </span>
     <span class='ocr_line' id='line_1_76' title="bbox 1571 3556 2592 3633; baseline 0.002 -22"><span class='ocrx_word' id='word_1_424' title='bbox 1571 3562 1704 3630; x_wconf 78' lang='lat' dir='ltr'>spicis</span> <span class='ocrx_word' id='word_1_425' title='bbox 1723 3579 1880 3610; x_wconf 85' lang='lat' dir='ltr'>oram.</span> <span class='ocrx_word' id='word_1_426' title='bbox 1915 3558 2026 3629; x_wconf 86' lang='lat' dir='ltr'>Ego</span> <span class='ocrx_word' id='word_1_427' title='bbox 2051 3556 2301 3614; x_wconf 84' lang='lat' dir='ltr'>tuendam</span> <span class='ocrx_word' id='word_1_428' title='bbox 2320 3558 2592 3633; x_wconf 70' lang='lat' dir='ltr'>antiquam</span> 
     </span>
     <span class='ocr_line' id='line_1_77' title="bbox 1571 3639 2603 3710; baseline 0 -19"><span class='ocrx_word' id='word_1_429' title='bbox 1571 3639 2103 3705; x_wconf 86' lang='lat' dir='ltr'>lectionemarbitror‚</span> <span class='ocrx_word' id='word_1_430' title='bbox 2113 3640 2244 3691; x_wconf 85' lang='lat' dir='ltr'>facta</span> <span class='ocrx_word' id='word_1_431' title='bbox 2262 3642 2603 3710; x_wconf 72' lang='lat' dir='ltr'>postproveeei</span> 
     </span>
     <span class='ocr_line' id='line_1_78' title="bbox 1573 3718 2595 3786; baseline 0.002 -15"><span class='ocrx_word' id='word_1_432' title='bbox 1573 3734 1624 3773; x_wconf 92' lang='lat' dir='ltr'>et</span> <span class='ocrx_word' id='word_1_433' title='bbox 1663 3740 1800 3772; x_wconf 84' lang='lat' dir='ltr'>oram</span> <span class='ocrx_word' id='word_1_434' title='bbox 1842 3718 2212 3786; x_wconf 82' lang='lat' dir='ltr'>distinctione,</span> <span class='ocrx_word' id='word_1_435' title='bbox 2254 3718 2358 3772; x_wconf 85' lang='lat' dir='ltr'>hoc</span> <span class='ocrx_word' id='word_1_436' title='bbox 2397 3737 2595 3773; x_wconf 73' lang='lat' dir='ltr'>sensu:</span> 
     </span>
     <span class='ocr_line' id='line_1_79' title="bbox 1572 3798 2599 3873; baseline 0.002 -22"><span class='ocrx_word' id='word_1_437' title='bbox 1572 3798 1724 3873; x_wconf 82' lang='lat' dir='ltr'>Tyrii</span> <span class='ocrx_word' id='word_1_438' title='bbox 1771 3800 1875 3855; x_wconf 83' lang='lat' dir='ltr'>late</span> <span class='ocrx_word' id='word_1_439' title='bbox 1920 3800 2158 3872; x_wconf 81' lang='lat' dir='ltr'>provecti</span> <span class='ocrx_word' id='word_1_440' title='bbox 2205 3817 2300 3871; x_wconf 83' lang='lat' dir='ltr'>per</span> <span class='ocrx_word' id='word_1_441' title='bbox 2345 3819 2559 3872; x_wconf 82' lang='lat' dir='ltr'>aequora</span> <span class='ocrx_word' id='word_1_442' title='bbox 2581 3832 2599 3869; x_wconf 62' lang='lat' dir='ltr'><strong><em>t</em></strong></span> 
     </span>
     <span class='ocr_line' id='line_1_80' title="bbox 1573 3878 2598 3953; baseline 0.002 -22"><span class='ocrx_word' id='word_1_443' title='bbox 1573 3895 1854 3953; x_wconf 86' lang='lat' dir='ltr'>postquam</span> <span class='ocrx_word' id='word_1_444' title='bbox 1893 3898 2040 3931; x_wconf 80' lang='lat' dir='ltr'>oram</span> <span class='ocrx_word' id='word_1_445' title='bbox 2079 3878 2231 3931; x_wconf 72' lang='lat' dir='ltr'>istam</span> <span class='ocrx_word' id='word_1_446' title='bbox 2276 3880 2598 3933; x_wconf 82' lang='lat' dir='ltr'>maritimam</span> 
     </span>
     <span class='ocr_line' id='line_1_81' title="bbox 1574 3956 2599 4029; baseline -0.002 -18"><span class='ocrx_word' id='word_1_447' title='bbox 1574 3972 1992 4029; x_wconf 82' lang='lat' dir='ltr'>occupaverunt,</span> <span class='ocrx_word' id='word_1_448' title='bbox 2018 3958 2121 4011; x_wconf 84' lang='lat' dir='ltr'>hac</span> <span class='ocrx_word' id='word_1_449' title='bbox 2149 3956 2310 4010; x_wconf 84' lang='lat' dir='ltr'>etiam</span> <span class='ocrx_word' id='word_1_450' title='bbox 2340 3958 2398 4010; x_wconf 89' lang='lat' dir='ltr'>in</span> <span class='ocrx_word' id='word_1_451' title='bbox 2426 3958 2599 4011; x_wconf 86' lang='lat' dir='ltr'>insula</span> 
     </span>
     <span class='ocr_line' id='line_1_82' title="bbox 1575 4038 2120 4093; baseline 0 -2"><span class='ocrx_word' id='word_1_452' title='bbox 1575 4038 1896 4091; x_wconf 83' lang='lat' dir='ltr'>constituere</span> <span class='ocrx_word' id='word_1_453' title='bbox 1913 4038 2120 4093; x_wconf 84' lang='lat' dir='ltr'>domus.</span> 
     </span>
    </p>
   </div>
   <div class='ocr_carea' id='block_1_7' title="bbox 1646 4114 2598 4183">
    <p class='ocr_par' dir='ltr' id='par_1_11' title="bbox 1646 4114 2598 4183">
     <span class='ocr_line' id='line_1_83' title="bbox 1646 4114 2598 4183; baseline -0.004 -10"><span class='ocrx_word' id='word_1_454' title='bbox 1646 4120 1767 4183; x_wconf 71' lang='lat'>618.</span> <span class='ocrx_word' id='word_1_455' title='bbox 1793 4124 1976 4172; x_wconf 80' lang='lat' dir='ltr'>Domus</span> <span class='ocrx_word' id='word_1_456' title='bbox 1997 4117 2162 4178; x_wconf 80' lang='lat' dir='ltr'>edidit</span> <span class='ocrx_word' id='word_1_457' title='bbox 2187 4118 2320 4173; x_wconf 79' lang='lat' dir='ltr'>Pith.</span> <span class='ocrx_word' id='word_1_458' title='bbox 2350 4130 2400 4169; x_wconf 83' lang='lat' dir='ltr'>et</span> <span class='ocrx_word' id='word_1_459' title='bbox 2429 4114 2598 4171; x_wconf 68' lang='lat' dir='ltr'>Hudn.</span> 
     </span>
    </p>
   </div>
  </div>
 </body>
</html>
