2996 4685
699 445 834 512 AD
883 445 1229 512 DESCR.
1271 445 1573 514 ORBIS
1622 443 2010 511 TERRAE.
2292 441 2430 538 387

297 591 428 634 non
465 567 884 646 dubitarunt,
922 582 999 630 ut
1033 565 1340 636 Heinsius
1363 613 1381 647 ‚
1424 563 1745 652 probante
1780 565 2193 647 Burmanno,
2234 567 2432 632 Anth.

297 671 426 736 Lat.
463 670 560 745 11,
611 691 758 757 pag.
789 667 955 750 443,
993 667 1111 736 ubi
1143 666 1376 730 eodem
1413 664 1615 730 modo
1660 688 1783 754 pro
1815 664 2098 730 kei-undo
2130 667 2435 733 emendat

297 771 542 836 Aadon.
574 767 875 850 Accedit,
913 769 1232 833 Avienum
1279 769 1345 832 in
1399 767 1991 856 comparationibus
2034 790 2070 831 a
2119 769 2435 858 Dionysio

297 872 614 940 rarissime
653 869 1004 936 discedere.
1039 869 1164 935 Vix
1211 887 1429 934 tamen
1477 869 1607 932 hoe
1653 869 1987 952 admittas,
2024 871 2208 958 quia,
2256 872 2437 960 quod

296 971 554 1040 additur
581 975 834 1063 strepit,
875 971 1109 1037 aedoni
1157 995 1294 1036 nun
1344 970 1669 1036 convenit.
1716 969 2047 1036 Audacior
2078 994 2184 1036 me
2218 972 2437 1038 forsan

295 1075 677 1156 conjiceret:
737 1073 1362 1161 «Culminibusque,
1410 1095 1650 1137 canens
1698 1071 2053 1156 blandum,
2099 1075 2267 1162 parit
2310 1077 2443 1140 ales

296 1173 501 1239 aedon
521 1207 568 1242 ι,
596 1175 700 1239 Sic
721 1175 1002 1238 Avienus
1040 1197 1174 1238 non
1207 1176 1415 1238 abiret
1447 1173 1742 1238 diversus
1773 1197 1807 1237 a
1841 1175 2191 1264 Dionysio,
2226 1198 2439 1264 neque

295 1275 381 1341 ab⁴
409 1277 752 1342 Aristotele
787 1277 1010 1357 etiam,
1040 1293 1154 1339 aut
1188 1275 1424 1340 Plinio.
1463 1273 1677 1353 Hujus
1710 1289 1929 1338 autem
1964 1275 2261 1363 inprimis
2297 1299 2437 1340 me·

296 1378 622 1442 morabilis
658 1377 839 1442 locus
877 1393 1006 1458 est,
1031 1380 1084 1460 1,
1120 1401 1182 1465 p.
1223 1379 1348 1442 560
1369 1375 1506 1464 (lib.
1533 1377 1627 1458 X,
1664 1399 1776 1462 29,
1807 1385 1837 1451 S
1872 1375 1980 1464 43)
2014 1399 2030 1438 t
2065 1406 2091 1431 α
2116 1378 2431 1443 Lusciniis

296 1478 524 1544 diebus
559 1503 632 1543 ac
665 1480 970 1552 noctibus
1006 1479 1342 1548 continuis
1389 1477 1767 1564 quindecim
1813 1478 2109 1566 garrulus
2158 1480 2299 1543 sine
2340 1481 2439 1543 in·

295 1583 596 1647 termissu
627 1599 860 1650 cantus
874 1613 920 1646 υ.
955 1582 1150 1646 Scan.
1195 1619 1282 1634 --
1325 1579 1655 1644 Blandum
1700 1579 1916 1667 strepit
1962 1579 2095 1642 ales
2140 1581 2436 1646 liis-unda.

295 1684 585 1747 Avienus
631 1682 902 1770 quidem
951 1705 1073 1770 pro
1117 1681 1366 1746 aedone
1414 1683 1711 1770 Dionysii
1756 1680 2179 1744 hirundinem
2218 1684 2440 1771 ponit;

299 1780 364 1847 id
403 1800 618 1851 tamen
653 1806 788 1850 non
821 1799 1100 1864 temere,
1134 1807 1258 1850 nee
1293 1783 1433 1848 sine
1466 1784 1717 1848 ratione
1750 1783 1974 1848 fecisse
2010 1781 2287 1852 videtur.
2327 1785 2441 1848 Et-

300 1885 476 1948 enim
505 1883 800 1948 hirundo
832 1886 1048 1972 poetis
1071 1885 1316 1949 Latinis
1363 1885 1497 1948 fere
1537 1884 1981 1972 fiequentiu3‚
2017 1905 2212 1970 quam
2248 1884 2445 1948 lusci-

301 1986 442 2066 nia,
475 1984 558 2049 ad
589 1984 1085 2073 significandum
1127 1985 1296 2048 veris
1338 1985 1692 2050 adventum
1728 1983 2098 2048 adhibetur.
2138 1985 2408 2050 Ovidius
2430 2036 2447 2070 ‚

299 2089 466 2153 Fast.
501 2087 564 2150 ΙΙ
589 2135 608 2170 ,
649 2083 817 2152 853:
871 2118 892 2140 ι
915 2085 1264 2161 Fallimur?
1301 2109 1382 2149 an
1412 2087 1581 2150 veris
1607 2085 1971 2174 praenuntia
1995 2086 2177 2149 venit
2212 2086 2443 2150 hirun-

301 2186 387 2250 do
402 2219 446 2250 ιι.
488 2186 805 2250 Columel.
831 2187 898 2249 in
927 2187 1114 2250 Hort.
1152 2185 1267 2252 80:
1300 2217 1325 2242 ιι
1351 2186 1535 2250 Veris
1563 2202 1629 2249 et
1654 2184 2003 2250 adventum
2035 2185 2201 2250 nidis
2228 2206 2446 2252 canta·

298 2288 383 2352 rit
412 2287 700 2353 hirundo
727 2320 773 2353 2».
809 2285 975 2353 Add.
1004 2285 1122 2351 Vir
1172 2335 1186 2353 .
1226 2287 1465 2380 Georg.
1500 2288 1614 2371 lv,
1664 2287 1829 2377 3073
1876 2289 2102 2353 Horat.
2141 2289 2345 2378 Epist.
2379 2290 2447 2374 1,

300 2414 362 2476 7,
394 2391 470 2456 13
491 2414 508 2471 ;
532 2388 837 2477 Calpurn.
858 2387 937 2469 V,
980 2389 1090 2472 163
1141 2438 1143 2441 ι
1171 2388 1387 2458 entad.
1411 2390 1589 2479 Eleg.
1612 2390 1697 2470 11,
1732 2412 1832 2476 17.
1864 2390 2039 2457 Alios
2068 2390 2443 2457 Graecorum

299 2494 638 2579 poetarum
688 2492 864 2555 locos
909 2490 1078 2555 hanc
1131 2492 1198 2555 in
1253 2514 1392 2555 rem
1443 2491 1715 2557 adduxit
1760 2492 2058 2555 Bochart.
2104 2493 2185 2557 de
2223 2495 2441 2560 Anim.

299 2593 360 2656 S.
401 2592 465 2655 S.
502 2592 674 2655 Part.
708 2592 770 2654 Π
792 2638 810 2671 ,
841 2591 956 2654 lib.
994 2593 1058 2671 Ι,
1098 2614 1237 2681 cap.
1275 2616 1374 2657 ιο.
1409 2595 1494 2661 Et
1537 2593 1807 2658 fortasse
1833 2595 2191 2674 Avienum,
2232 2611 2306 2659 ut
2336 2596 2443 2660 hi-

301 2690 652 2761 rundinem
687 2691 1089 2774 nominaret,
1125 2715 1270 2755 mos
1297 2694 1672 2779 Graecorum
1712 2694 2054 2783 singularis
2086 2698 2311 2777 movit,
2332 2698 2447 2785 qui

300 2794 594 2867 solebant
625 2793 784 2857 festa
821 2792 1136 2863 nonnulla
1167 2793 1455 2863 hilariter
1484 2794 1731 2883 agenda
1763 2794 2135 2861 hirundinis
2163 2796 2449 2863 adventu

301 2896 554 2991 signare
589 2910 655 2957 et
685 2892 990 2958 indicere.
1011 2901 1312 2963 Χιλιδόνιι,
1343 2894 1521 2983 apud
1548 2894 1843 2963 Rhodios
1869 2895 2036 2959 veris
2070 2896 2259 2960 initio
2286 2898 2455 2963 eele-

301 2996 513 3077 brata,
563 2996 864 3084 exemplo
917 3011 1092 3059 sunt.
1149 2995 1409 3078 Quibus
1453 2995 1640 3083 pueri
1688 2996 2169 3063 circumeuntes
2211 3000 2444 3088 stipem

302 3095 642 3163 hirundini
691 3095 1080 3183 colligebant
1103 3145 1122 3175 ‚
1184 3096 1536 3160 adventum
1592 3096 1731 3176 ejus
1777 3114 1841 3161 et
1880 3098 2243 3178 jucundius
2279 3103 2449 3167 veris

303 3210 560 3282 tempus
595 3195 1052 3259 adnuntiantes
1084 3199 1335 3264 cantico
1372 3196 1681 3287 singulari
1708 3222 1725 3261 ε
1758 3190 1879 3263 ἦλθ’
1897 3204 2010 3267 ἧλοι
2035 3206 2265 3277 χελιδὼν,
2288 3213 2449 3273 κοιλὰς

304 3304 432 3375 ὥρας
462 3300 684 3373 ἄγουσι,
712 3304 796 3357 καὶ
823 3306 996 3366 καλοὺς
1023 3308 1286 3367 ἃνιαυτοὺς·
1329 3297 1450 3362 Hic
1485 3299 1899 3368 mendicandi
1944 3302 2108 3363 ritus
2138 3308 2445 3379 χελιδονίζειν

303 3394 683 3478 vocabatur,
727 3416 982 3462 oermen
1012 3400 1354 3477 χιλιδόνισμω.
1383 3399 1607 3463 Refert
1656 3424 1694 3463 e
1723 3400 2125 3493 Theognidis
2170 3400 2340 3466 libro
2386 3406 2447 3469 11

305 3494 390 3559 de
414 3495 610 3560 saeris
635 3494 1044 3567 Rhodiorum
1071 3498 1426 3563 Athenaeus
1445 3550 1462 3581 ,
1502 3502 1616 3565 lib.
1642 3503 1800 3566 v111
1817 3550 1837 3585 ,
1864 3526 2001 3591 cap.
2038 3502 2151 3585 15‚‘
2188 3526 2252 3591 p.
2280 3504 2409 3570 360
2427 3554 2445 3587 ‚

305 3612 371 3661 et
405 3596 579 3661 conf.
614 3597 857 3661 Meurs.
887 3597 1089 3663 Graec.
1125 3602 1242 3663 fer.
1269 3601 1339 3664 in
1367 3606 1651 3665 Χιλιδόνιιι.
1685 3606 1762 3668 In
1798 3620 1979 3667 texto
2004 3604 2268 3695 quidem
2296 3608 2446 3673 vul-

304 3714 454 3788 gato
500 3699 787 3765 Athenaei
837 3700 1108 3790 legitur,
1168 3702 1296 3765 hoc
1337 3702 1587 3769 factum
1632 3720 1707 3785 τῷ
1748 3690 2080 3786 Βᾉηδρομιᾶνι
2121 3717 2235 3786 μηνὶ
2252 3756 2271 3791 ,
2326 3711 2439 3797 qui

303 3800 545 3864 mensis
579 3801 1026 3865 Romanorum
1053 3802 1416 3891 Septembri
1453 3804 1713 3891 aequalis
1747 3822 1872 3885 est,
1896 3804 2189 3893 adeoque
2214 3806 2445 3875 hirun-

303 3899 442 3965 dini
473 3900 840 3975 advenienti
877 3926 1012 3971 non
1047 3894 1375 3977 convenit.
1413 3904 1541 3969 Sed
1569 3906 1953 3993 interpretes
1975 3906 2268 3979 Athenai
2296 3932 2440 3974 om.

304 4024 419 4067 nes
437 4003 910 4073 contradicunt.
927 4004 1422 4095 Daleehampius
1451 4008 1519 4069 in
1546 4007 1768 4072 codice
1787 4030 1909 4073 suo
1934 4010 2090 4099 legit
2110 4026 2415 4089 Μοωυχιῶυι
2428 4060 2442 4079 .

305 4100 584 4191 ideoque
612 4104 835 4184 vertit,
869 4104 1112 4170 Martio
1143 4128 1378 4185 mense,
1413 4108 1654 4173 Natalis
1690 4109 1923 4175 Comes
1954 4108 2157 4175 matisc
2183 4111 2403 4199 ΑΜΕ
2414 4160 2435 4190 ,

306 4216 371 4265 et
402 4204 740 4286 Erasinus,
772 4204 842 4268 in
879 4205 1072 4273 Prov.
1099 4208 1288 4275 Nova
1320 4208 1630 4289 mado,
1676 4210 1875 4277 ritum
1912 4212 2095 4275 illum
2136 4212 2259 4275 sub
2292 4236 2436 4277 ver-

2082 4309 2192 4381 25.
