2996 4685
804 388 1416 459 DESCRIPTIO
1474 391 1773 460 ORBIS
1832 392 2205 463 TERRAE.

2434 396 2561 467 321

535 512 688 585 Ales
721 512 934 583 amica
971 516 1118 583 Deo
1157 511 1414 609 largum
1454 516 1787 609 congessit
1822 541 2185 587 amomum.
2282 570 2289 577 .

534 621 886 717 Extemplo
923 623 1126 692 Liber
1165 624 1503 693 subnectit
1544 624 1818 695 nebride
1858 640 2120 723 pectus»,

439 826 728 901 Dionysius
764 827 999 883 ἀοικήτων
1036 828 1134 879 ἀπὸ
1163 828 1329 885 νήσων.
1353 831 1463 881 Va·

437 906 539 959 riat
562 906 704 960 enim
731 925 869 979 sape
890 904 1138 961 Avienus.
1164 906 1270 961 sed
1294 906 1462 961 consi-

437 984 630 1039 derans
655 986 834 1039 locum
856 1004 910 1038 v.
945 984 1073 1039 1321
1096 1003 1110 1038 z
1132 986 1308 1039 «Nam
1333 1005 1460 1058 pro-

435 1066 525 1119 cul
543 1066 765 1119 internis
789 1085 819 1119 a
845 1064 1044 1119 finibus
1067 1078 1157 1119 aut
1176 1064 1458 1119 adamanta

435 1144 734 1198 Detulerint
746 1183 762 1207 ,
786 1156 884 1206 etc.
902 1170 931 1191 n
951 1142 1139 1197 dubito
1151 1182 1170 1211 ‚
1189 1150 1258 1197 an'
1285 1144 1459 1215 legen-

435 1224 566 1277 dum
587 1224 697 1278 illic
713 1225 784 1279 sit
801 1226 1049 1277 esu-ew.
1065 1222 1458 1278 scum—certe

432 1306 636 1357 internis
671 1304 760 1357 hic
797 1322 898 1375 pro
937 1301 1154 1357 remotis
1167 1340 1184 1367 ,
1221 1300 1458 1368 secretis,

433 1380 626 1455 ignotis
651 1395 706 1437 et
725 1382 948 1437 desertis
972 1381 1079 1434 oris
1097 1419 1114 1445 ,
1141 1398 1273 1453 quas
1299 1398 1455 1433 nemo

433 1461 587 1530 adiit,
645 1459 1012 1535 accipiendum
1057 1458 1282 1512 videtur.
1339 1458 1454 1513 Hoc

431 1540 619 1595 suadet
643 1540 882 1614 Dionysii
909 1538 1144 1595 ἀοικήτων
1170 1538 1338 1602 νήσων,
1360 1539 1454 1591 uhi

431 1624 560 1677 νῆσοι
595 1638 706 1673 non
741 1619 810 1673 de
845 1618 1032 1671 insulis
1056 1618 1276 1689 proprie
1299 1614 1454 1671 dictis

431 1698 748 1772 accipiendo
789 1695 1054 1758 videntur,
1089 1695 1183 1749 sed
1221 1693 1289 1749 de
1323 1696 1453 1749 locis

431 1778 674 1833 solitariis
687 1820 702 1845 ,
737 1778 986 1832 vastitate
1027 1776 1452 1847 interjacentium

429 1858 710 1929 regionum
735 1856 975 1921 seclusis,
995 1855 1174 1927 qualia
1188 1856 1453 1928 AEgyptiis

429 1938 624 1997 Αΰάσιις
657 1938 1005 1998 vocabantur,
1039 1934 1107 1989 de
1139 1934 1332 2007 quibus
1371 1935 1454 2008 egi

429 2019 672 2072 Excursn
692 2018 768 2069 lx
794 2014 862 2068 ad
889 2014 1053 2069 Prisc.
1072 2031 1151 2067 vs.
1181 2031 1310 2084 1703
1333 2033 1452 2069 sua-

429 2096 518 2151 det
552 2096 793 2168 inprimis
821 2092 1124 2147 Herodotus
1139 2132 1156 2158 ‚
1180 2111 1339 2165 quem
1366 2113 1450 2147 se-

427 2176 522 2249 qui
551 2175 840 2249 Dionysius
865 2173 1026 2237 solet,
1047 2172 1142 2243 qui
1177 2172 1293 2225 libr.
1330 2173 1412 2225 111
1430 2212 1446 2237 ,

427 2274 543 2327 cap.
576 2273 671 2309 ιιι
689 2296 704 2321 ,
720 2264 902 2307 narrat
917 2292 933 2318 ,
949 2252 1204 2305 incertam
1249 2251 1446 2305 famam

427 2355 565 2404 esse,
580 2332 851 2410 quemodo
868 2344 962 2386 aut
980 2349 1086 2403 qua
1103 2330 1158 2384 in
1177 2342 1318 2384 terra
1337 2331 1440 2385 cin-

424 2433 731 2469 namomum
755 2413 1018 2484 gignatur,
1035 2408 1138 2462 nisi
1160 2409 1308 2481 quod
1328 2411 1448 2482 qni·

425 2494 550 2548 dam
566 2493 731 2547 velint
747 2529 766 2554 ,
783 2490 839 2543 id
861 2489 1008 2562 gigni
1037 2489 1098 2541 in
1131 2489 1194 2541 iis
1220 2489 1444 2560 regioni-

423 2574 554 2639 bns,
573 2575 666 2628 ubi
687 2570 975 2643 Dionysius
996 2567 1252 2622 educatus
1274 2569 1369 2634 sit,
1393 2581 1444 2622 et

423 2653 563 2724 ipsas
577 2649 900 2705 cinnamomi
926 2649 1152 2702 festucas
1177 2647 1378 2702 adferri
1412 2667 1445 2702 a

423 2731 716 2804 grandibus
756 2726 1074 2802 quibusdam
1118 2726 1331 2781 alitibus
1377 2727 1444 2781 ad

425 2811 577 2866 nidos
609 2829 640 2864 e
672 2811 786 2862 luto
811 2817 1140 2860 constructos
1166 2806 1226 2857 in
1247 2824 1446 2877 praeru·

420 2891 528 2964 ptis
553 2890 812 2943 montium
837 2886 969 2940 locis
998 2896 1049 2938 et
1073 2885 1276 2938 homini
1301 2886 1447 2940 inac-

423 2973 597 3025 cessis.
617 2969 740 3025 W..

498 3070 522 3104 1
533 3052 654 3104 128.
669 3053 788 3102 Ales
807 3049 972 3100 amica
991 3051 1096 3098 Deo
1113 3050 1308 3115 largum
1330 3065 1445 3098 con-

417 3133 571 3198 gessit
608 3147 872 3180 amomum.
909 3124 1209 3178 Phoenicem
1249 3125 1444 3178 intelli-

423 3207 496 3277 git
509 3206 626 3278 ‚qui
644 3205 753 3258 Soli
771 3222 932 3257 sacer.
949 3202 1088 3256 Vide
1101 3203 1416 3259 salmasium
1428 3245 1445 3269 ,
1465 3251 1472 3258 .

421 3287 608 3338 Exere.
630 3285 768 3336 Plin.
789 3301 912 3355 pag.
935 3283 1036 3334 283
1054 3295 1106 3335 et
1129 3283 1440 3350 391.Huns.

421 3363 696 3417 Notandus
710 3375 788 3416 est
806 3379 954 3414 error
969 3359 1144 3422 Plinii,
1163 3360 1297 3412 nist.
1317 3361 1440 3414 Nat.

421 3443 554 3508 ΧΠ,
589 3461 669 3512 19,
705 3439 1067 3512 intempestive
1112 3438 1444 3494 Herodotum

421 3525 566 3594 (111,
609 3525 747 3590 111)
782 3518 1102 3586 vellicantis,
1138 3518 1290 3591 quasi
1352 3520 1444 3574 hic

420 3603 822 3656 cinnamomum
865 3617 930 3653 ex
974 3597 1173 3665 avium,
1199 3597 1444 3670 privatim

421 3683 685 3736 Phoenicis
698 3722 717 3748 ,
737 3679 883 3734 nidis
907 3679 1087 3733 decuti
1107 3677 1318 3732 dixerit.
1338 3679 1443 3733 Ca-

418 3762 686 3833 stigarunt
705 3760 850 3813 hunc
872 3777 1108 3813 errorem
1131 3759 1349 3813 Salmas.
1374 3756 1443 3810 ad

417 3840 530 3893 sol.
548 3859 603 3912 p.
619 3839 720 3892 283
756 3849 810 3891 et
831 3837 928 3907 391
943 3875 962 3904 ,
993 3849 1046 3891 et
1065 3841 1291 3898 Bouhier,
1309 3835 1444 3892 Diss.

419 3915 619 3972 Herod.
646 3936 698 3989 p.
727 3911 829 3984 X1,
852 3917 947 3990 qui
972 3917 1192 3983 volunt,
1212 3936 1242 3971 a
1271 3915 1444 3969 Plinio

413 3996 478 4048 in
493 4011 726 4050 errorem
737 3993 1016 4064 inductum
1035 4013 1148 4049 esse
1166 3995 1445 4050 Aviennm.

421 4075 538 4146 Ego
574 4091 701 4125 vem
737 4072 996 4128 Avieuum
1043 4075 1200 4145 culpa
1244 4075 1416 4128 libero
1429 4113 1446 4139 ,

1552 826 1841 899 inspexisse
1866 827 2140 883 Avienum.
2174 830 2361 903 ltaque
2391 832 2571 907 singn-

1550 904 1664 960 lare
1694 918 1801 971 est,
1840 906 2013 963 Plinio
2053 906 2273 981 quidem
2314 912 2401 965 hic
2438 914 2575 989 inju.

1550 986 1633 1038 ria
1676 986 1921 1057 castigari
1960 984 2323 1054 Herodotum,
2364 992 2572 1049 Salma-

1550 1066 1628 1117 sio
1666 1078 1847 1118 autem
1880 1076 1933 1117 et
1965 1064 2253 1121 Bouhier-io
2280 1071 2569 1129 Avienum!

1550 1143 1631 1196 Ad
1654 1143 1765 1215 ipsa
1785 1144 1942 1197 verba
1970 1144 2119 1218 quod
2142 1144 2373 1217 adtinet,
2400 1170 2567 1225 quum

1546 1222 1833 1295 Dionysius
1864 1242 1913 1277 v.
1940 1228 2045 1293 944
2068 1226 2251 1297 ὄρνιθας
2277 1246 2567 1297 memoret,

1545 1313 1800 1373 sequutus
1826 1300 1894 1355 de
1919 1320 2067 1357 more
2094 1302 2425 1363 Herodotum
2460 1314 2495 1364 l.
2530 1317 2568 1368 l.

1545 1381 1738 1453 opinor
1775 1382 2095 1453 singularem
2124 1388 2245 1437 Ales
2268 1388 2337 1441 ab
2364 1391 2568 1447 Avieno

1543 1461 1669 1531 poni
1706 1479 1810 1533 pro
1855 1460 2083 1532 plurali,
2114 1466 2567 1535 quemadmodum

1543 1540 1659 1593 aliis
1722 1540 1778 1593 in
1828 1539 1959 1593 locis
2017 1559 2152 1613 sape
2216 1544 2432 1602 factum.
2481 1552 2567 1605 Sic

1542 1638 1597 1673 v.
1626 1619 1729 1689 975
1757 1623 1893 1672 celsa
1914 1638 2081 1688 rupes,
2106 1622 2200 1674 ubi
2224 1624 2377 1680 Dion.
2393 1647 2442 1681 v.
2462 1631 2563 1684 805

1542 1698 1702 1770 οὔριοι.
1720 1696 1857 1751 Add.
1876 1698 2059 1753 Avien.
2077 1718 2129 1751 v.
2154 1718 2315 1770 nro,
2333 1717 2385 1759 et
2406 1708 2565 1765 Dion.

1548 1781 1680 1831 1016
1700 1798 1717 1845 ς
1734 1777 1917 1831 Avien.
1939 1782 2125 1842 damet
2142 1782 2297 1835 Dion.
2317 1786 2449 1858 4573
2470 1790 2563 1844 Av.

1541 1858 1640 1927 751
1662 1896 1679 1923 ,
1700 1868 1751 1911 et
1778 1858 1937 1911 Dion.
1980 1858 2099 1929 570.
2138 1862 2375 1937 Denique
2405 1868 2565 1924 vehe-

1540 1948 1745 1991 menter
1777 1936 2058 2003 falluntur,
2092 1940 2187 2011 qni
2220 1946 2327 1994 Deo
2352 1944 2443 1999 hic
2478 1966 2564 2001 ex-

1539 2016 1741 2087 plicant
1780 2018 1898 2069 8011.
1935 2014 2050 2070 Hoc
2093 2019 2235 2071 enim
2276 2022 2413 2075 foret
2448 2026 2563 2078 ine·

1536 2107 1691 2166 ptum
1708 2132 1727 2157 ‚
1750 2113 1920 2166 quum
1976 2095 2043 2148 de
2091 2096 2303 2152 Baccho
2355 2117 2559 2173 agatur.

1536 2174 1863 2318 Sffffi‘,
1880 2184 2563 2315 ‡.⁰‘1‘‹3'33⁸2⁰55322¹‘1.¹30⁰12¹3

1535 2329 1829 2399 Luditur»;
1866 2346 1917 2387 et
1950 2354 2001 2387 v.
2036 2353 2197 2406 1007:
2222 2338 2557 2396 «Cauros-um

1533 2430 1748 2485 qnoque
1786 2412 1947 2466 flabra
1982 2415 2097 2467 Deo
2134 2413 2440 2472 famulantia
2476 2423 2560 2476 lu-

1532 2491 1671 2547 dunt
1692 2519 1741 2557 ιι,
1766 2493 1803 2545 i.
1830 2512 1876 2547 e.
1904 2491 2132 2560 Baccho,
2156 2492 2225 2548 de
2250 2515 2359 2568 quo
2382 2513 2556 2555 antea.
2616 2525 2624 2532 ·

1532 2571 2043 2626 scn.--Fahulnm
2071 2572 2139 2627 de
2162 2576 2504 2635 cinnamomo
2528 2603 2557 2635 e

1530 2651 1790 2705 Pha-icis
1807 2652 1938 2706 nido
1956 2670 2176 2706 excusso
2188 2668 2303 2725 post
2318 2657 2553 2714 Plinium

1532 2731 1692 2784 etiam
1716 2731 1913 2784 Statius
1938 2729 2199 2802 adripuit,
2225 2734 2319 2806 qui
2342 2737 2412 2789 ad
2436 2758 2555 2793 eam

1534 2808 1774 2872 adludit,
1798 2810 1928 2862 silv.
1954 2811 2011 2862 11
2027 2848 2042 2873 ,
2064 2814 2127 2876 6,
2150 2813 2215 2882 87
2242 2831 2257 2865 z
2287 2817 2555 2872 ..Pharia-

1534 2906 1641 2959 que
1692 2900 1933 2960 exempta
1984 2890 2193 2943 volucri
2241 2895 2483 2950 cinnama
2510 2925 2555 2954 ι,

1530 2964 1657 3021 vid.
1674 2979 1815 3021 nost.
1828 2967 1914 3022 ed.
1933 2979 2065 3022 tom.
2086 2969 2116 3021 Ῑ
2132 3011 2147 3036 ,
2170 2989 2224 3042 p.
2242 2973 2361 3027 255.
2379 2977 2482 3031 En.

1608 3065 1757 3115 1129.
1808 3053 2069 3117 Extemplo
2120 3053 2263 3103 Libet·
2292 3093 2307 3106 .
2325 3095 2339 3109 .
2366 3095 2378 3107 .
2398 3095 2413 3109 .
2436 3097 2449 3108 .
2486 3065 2554 3111 Os

1528 3129 1739 3189 marat,
1787 3129 1990 3196 totaque
2056 3134 2189 3181 celer
2256 3135 2557 3202 dg'ffimdimr

1533 3211 1710 3259 achra.
1752 3206 1949 3260 Omisit
1983 3207 2073 3262 hic
2098 3210 2329 3264 Avienus
2374 3233 2556 3270 versus

1534 3285 1737 3356 aliquot
1780 3286 2022 3358 Dionysii
2070 3287 2196 3340 inde
2238 3306 2271 3341 a
2310 3309 2387 3344 vs.
2432 3294 2554 3363 950.

1530 3363 1703 3418 Son.
1716 3364 2036 3418 —Baechus
2074 3370 2293 3420 hilarare
2328 3390 2383 3421 os
2414 3392 2551 3426 suune

1532 3445 1719 3496 blando
1740 3447 1947 3506 lumine,
1968 3463 2138 3518 eoque
2159 3449 2383 3517 dzffindi
2400 3467 2553 3507 totam

1522 3542 1621 3590 per
1658 3526 1863 3574 oeelnram
1900 3521 2114 3591 dicitur,
2140 3527 2263 3598 quia
2292 3527 2335 3580 si
2360 3531 2554 3588 latitia

1534 3600 1691 3654 dator
1708 3601 1833 3654 vino
1857 3599 2089 3655 creando
2116 3615 2223 3669 est,
2246 3607 2405 3662 etiam
2430 3623 2559 3666 tem.

1533 3681 1735 3752 periem
1756 3681 1894 3734 aeris
1918 3681 2139 3754 celique
2160 3686 2281 3756 puri
2307 3692 2557 3747 serenita-

1534 3771 1643 3812 tem
1660 3799 1676 3823 ,
1697 3758 1825 3811 vino
1849 3761 2153 3830 generando
2178 3771 2525 3826 necessariam
2540 3813 2557 3838 ,

1536 3836 1695 3891 debet
1720 3837 1987 3894 inducere.
2017 3839 2187 3910 Hinc,
2212 3847 2291 3898 nti
2316 3867 2413 3920 pro
2437 3853 2559 3906 Sole

1534 3917 1775 3982 habetur,
1807 3930 1868 3970 ut
1900 3916 2040 3990 apud
2074 3919 2311 3979 Macroh.
2350 3928 2457 3983 Sat.
2495 3933 2521 3982 1
2541 3970 2557 3995 ,

1540 3998 1571 4048 8
1591 4033 1606 4057 ,
1628 3994 1695 4060 ita
1719 3996 1947 4050 maxime
1975 3998 2117 4063 caeli,
2146 4002 2257 4055 sole
2282 4025 2419 4076 puro
2444 4008 2563 4062 illu-

1537 4075 1724 4137 strati,
1769 4077 2071 4147 symbolum
2106 4093 2200 4135 est.
2228 4083 2364 4139 Inde
2398 4087 2569 4143 solen-

424 4151 770 4224 videntnrque
831 4151 931 4223 ipsi
978 4152 1092 4206 viri·
1123 4153 1310 4224 optimi
1361 4155 1450 4208 vix
1538 4155 1631 4210 uia
1684 4155 1877 4210 Bacchi
1932 4157 2099 4230 elogia
2154 4162 2296 4231 apud
2348 4179 2530 4237 poetas
2549 4205 2571 4236 ,

694 4245 777 4310 V.

2102 4275 2280 4321 -al
