2996 4685
526 429 664 500 262

1278 428 1360 495 R.
1418 427 1489 492 F.
1545 425 1892 494 AVIENI

620 555 955 624 Maximus
986 550 1156 619 hanc
1184 549 1481 620 Arabum
1511 547 1754 617 scindit
1779 547 1995 629 sinus,
2032 558 2100 612 et
2133 543 2316 612 sinus
2345 565 2573 636 aequor

620 663 862 733 Inserit
898 665 1288 755 Hyrcanus:
1337 657 1471 728 duo
1518 657 1692 752 nigri
1737 655 2039 751 partibus
2075 650 2310 724 Austri

624 777 1027 853 Curvantur‚
1072 768 1352 863 rigidam
1388 781 1725 862 suspectat
1759 767 1996 835 tertius
2026 769 2278 834 Arcton
2308 790 2323 831 :

2573 788 2652 826 835

624 882 753 952 Hic
794 896 863 949 'et
903 881 971 948 in
1004 879 1247 948 Euxini
1290 878 1592 974 prorepit
1627 877 1975 946 marmoris
2019 873 2304 961 undam,

622 995 711 1062 Et
742 991 1121 1086 Zephyrum
1155 1003 1345 1084 tergo
1381 1003 1635 1083 spectat
1671 986 1946 1082 procul:
1980 985 2239 1080 adjacet
2267 985 2501 1052 ambos

525 1189 617 1240 νιόν
638 1207 691 1240 τε
704 1225 723 1252 .,
741 1195 840 1238 etc.
856 1184 1057 1236 Auctor
1091 1182 1205 1253 ipse
1222 1198 1378 1234 versu
1404 1197 1540 1250 990;

531 1265 725 1319 «Hunc
752 1275 894 1317 secat
917 1263 1103 1334 ingens
1128 1258 1419 1327 Maeander,
1441 1259 1547 1313 sal·

530 1345 678 1416 sique
717 1361 878 1396 ruens
914 1339 1049 1394 vada
1075 1338 1295 1412 gurgitis
1322 1338 1528 1391 intrat

529 1427 705 1476 Axon.
726 1421 971 1495 Anglus
956 1439 1009 1473 m
1032 1419 1162 1472 Oba.
1182 1417 1335 1471 Misc.
1356 1418 1460 1471 vol.
1480 1418 1541 1483 I,

525 1515 561 1554 t.
591 1503 711 1569 111,
734 1521 787 1572 p.
824 1501 945 1571 373.
972 1498 1260 1568 Vulgatam
1308 1494 1546 1549 defendit

528 1581 821 1634 Burmann.
844 1583 879 1630 ι’
862 1593 1031 1631 astare
1049 1577 1185 1631 enim
1206 1595 1331 1631 cum
1357 1587 1545 1646 quarto

528 1679 655 1714 casu
696 1657 1009 1712 offenderat.
1054 1656 1253 1710 Similia
1282 1657 1348 1708 N.
1377 1654 1543 1711 Hein-

526 1739 632 1792 sius
678 1737 751 1792 ad
775 1737 949 1808 Virg.
939 1736 1101 1796 «ΧΠ,
1132 1737 1250 1805 748.
1294 1736 1383 1788 Me
1432 1755 1542 1788 nou

523 1830 633 1872 tam
654 1836 805 1870 casus
822 1816 1153 1870 accusativus
1162 1833 1351 1886 ‚quam
1370 1815 1544 1886 ipsum

526 1898 746 1951 verbum
764 1893 993 1949 offendit
1011 1893 1135 1946 huic
1154 1893 1273 1948 1000
1288 1913 1396 1946 non
1419 1913 1544 1947 con-

524 1995 742 2047 gruens:
760 1993 935 2048 neque
955 1973 1097 2026 euim
1115 1973 1337 2046 explicat
1354 1974 1549 2047 Diony·

523 2055 699 2111 siana:
729 2055 976 2127 ἐρεύγεται
1014 2051 1163 2104 ἔνδοθι
1197 2053 1386 2117 βάλλων
1405 2072 1419 2083 ·
1447 2072 1548 2106 nec

528 2135 774 2188 convenit
821 2131 1241 2206 praecedentibus
1282 2152 1352 2184 -ν,
1407 2133 1542 2185 83οε

529 2215 812 2286 “trinoque
836 2213 956 2266 sinu
977 2229 1143 2285 vagus
1186 2209 1361 2264 influit
1392 2227 1550 2264 aestus

526 2295 705 2348 Unam
721 2293 855 2345 Asiae
892 2293 1085 2345 molem
1105 2316 1147 2341 ι.
1174 2291 1397 2363 Egregie
1426 2311 1551 2347 vero

529 2381 679 2427 inerat
698 2395 747 2427 v.
776 2376 908 2425 1026
936 2373 1217 2425 firmatur:
1245 2372 1552 2425 «Plurimus

534 2454 657 2506 hinc
712 2464 877 2505 terras
915 2452 1075 2503 intrat
1110 2448 1257 2505 sinus
1290 2478 1314 2497 ›-
1350 2471 1362 2504 :
1428 2452 1550 2505 add.

532 2554 585 2585 v.
604 2532 669 2585 53
686 2570 703 2595 ‚
719 2533 811 2603 87,
827 2530 946 2599 395.
968 2529 1132 2583 Prisc.
1149 2548 1203 2583 v.
1229 2530 1326 2583 56:
1352 2556 1373 2577 ιι
1390 2550 1548 2602 quem

532 2611 726 2684 Caspia
779 2610 934 2663 tellus
980 2606 1207 2679 Suscipit
1264 2609 1550 2665 intrantem

531 2692 690 2746 vastis
712 2689 988 2763 Aquilonis
1018 2688 1089 2741 ab
1120 2687 1278 2743 undis
1292 2715 1336 2743 a.
1369 2691 1550 2745 Valer.

534 2772 707 2825 Flacc.
732 2772 759 2822 1
778 2806 795 2834 ‚
810 2768 911 2839 590
931 2786 947 2821 :
972 2794 995 2814 ι
1013 2778 1064 2820 et
1086 2767 1274 2821 mediis
1292 2768 1552 2823 intrarent

530 2851 798 2923 montibus
859 2847 1018 2901 undae
1043 2872 1083 2899 »-
1128 2848 1288 2902 Scan.
1314 2880 1385 2889 --
1408 2852 1550 2901 Sinus

529 2938 678 2984 iscam
690 2933 907 2983 Persicus
924 2931 1079 2979 imeae
1096 2928 1213 2979 Ven
1234 2928 1393 2999 Cusp.
1411 2928 1549 2981 Pith.

532 3009 701 3064 Huds.
740 3011 874 3060 sinus
916 3010 1074 3057 isthac
1114 3009 1331 3057 Persicus
1366 3010 1548 3067 intrat,

534 3106 586 3145 et
630 3090 687 3142 in
736 3106 849 3157 seq.
901 3088 1152 3137 Maximus
1198 3089 1295 3137 hac
1334 3090 1551 3137 Arabum
1606 3086 1612 3100 ⁸

535 3169 755 3239 corrigit
764 3166 903 3219 vad.
922 3164 1013 3218 sed
1028 3164 1249 3216 alterum
1259 3169 1355 3216 Ιιασ
1368 3166 1552 3217 saltem

492 3294 495 3301 .
529 3273 639 3307 non
664 3249 947 3305 convenire
970 3246 1201 3309 videtur,
1226 3246 1349 3317 quia
1373 3250 1554 3299 scindat

530 3350 687 3387 suum
731 3346 916 3384 casum
958 3326 1171 3380 amittit.
1199 3327 1373 3396 Atque
1418 3324 1552 3378 illud

531 3417 679 3463 intrat
694 3407 929 3463 vadiani
952 3424 1134 3459 omnes
1161 3405 1271 3457 fere
1297 3404 1550 3458 recentio-

530 3509 616 3543 res
642 3485 1033 3543 commendant.
1070 3486 1137 3537 Et
1162 3484 1239 3538 sic
1256 3483 1554 3538 Withoflus

532 3568 589 3621 in
608 3587 697 3620 ora
710 3568 910 3638 Trogu.
930 3577 984 3617 et
1005 3564 1246 3635 inprimis
1272 3562 1552 3618 Schrader.

605 3647 727 3708 834.
748 3648 899 3713 Nigri
928 3646 1147 3711 parribus
1165 3647 1352 3698 Austri.
1388 3644 1554 3715 Niger

536 3728 723 3778 Auster
757 3734 973 3795 propter
1006 3724 1200 3777 imbres
1226 3736 1279 3776 et
1302 3724 1514 3778 nimbos
1529 3764 1547 3791 ‚

534 3820 670 3875 quos
691 3804 877 3854 Auster
907 3800 1028 3871 agit.
1053 3802 1227 3873 Atque
1261 3801 1365 3855 boc
1402 3801 1553 3856 duxit

539 3879 825 3952 eVirgilio,
839 3879 934 3952 qui
946 3876 1136 3951 Geor-g.
1150 3882 1253 3948 111,
1264 3884 1399 3951 ²78³
1424 3908 1449 3927 ‹-
1460 3896 1555 3935 aut

538 3958 683 4014 unde
719 3959 1034 4031 nigerrimus
1062 3961 1253 4013 Auster
1284 3961 1552 4029 Nascitur,

536 4052 591 4097 et
633 4037 811 4109 pluvio
862 4037 1138 4093 contristat
1198 4038 1392 4109 frigore
1450 4058 1551 4093 οε-

535 4122 707 4187 lum»;
726 4129 777 4171 et
794 4120 999 4183 AEmV,
1022 4122 1157 4187 696:
1188 4146 1213 4165 ‹-
1230 4120 1335 4173 ruit
1360 4122 1552 4175 othere

534 4210 645 4257 toto
663 4197 937 4253 Turbidus
970 4198 1139 4251 imber
1175 4217 1313 4270 aqua
1350 4199 1551 4253 ‹lensia-

1627 1198 1732 1252 que
1765 1180 2082 1252 nigerrimus
2103 1177 2365 1232 Austris».
2391 1176 2460 1229 Et
2489 1193 2652 1247 gene·

1629 1259 1786 1312 ratim
1825 1262 1961 1330 nigri
1995 1261 2134 1311 venei
2165 1270 2380 1330 propter
2405 1253 2648 1308 eamdem

1628 1338 1886 1392 rationem
1903 1379 1920 1405 ,
1937 1335 2078 1410 apud
2100 1337 2284 1392 Horat.
2309 1337 2486 1389 Carm-
2503 1335 2529 1385 1
2543 1375 2560 1401 ,
2581 1332 2612 1385 5
2635 1374 2652 1397 ‚

1699 1499 1820 1552 836.
1846 1498 2021 1556 Probo
2048 1499 2225 1572 potius
2241 1498 2514 1568 vulgatum
2530 1511 2650 1562 pro-

1627 1580 1775 1644 repit,
1792 1597 1950 1650 quam
1973 1576 2122 1650 quod
2141 1577 2196 1628 in
2218 1579 2280 1630 A.
2307 1588 2385 1629 est
2399 1573 2650 1642 Upempit

1627 1656 1770 1711 Illud
1787 1657 1964 1711 firmat
1978 1659 2240 1721 Avienus,
2251 1676 2303 1710 v.
2324 1673 2498 1725 2972«
2473 1652 2654 1702 «Ecce

1625 1737 1750 1791 alias
1767 1740 1911 1792 lento
1924 1739 2158 1812 prorepit
2175 1735 2378 1809 gurgite
2397 1733 2596 1786 Nereus
2607 1756 2654 1782 ›-

1626 1817 1769 1872 Add.
1793 1821 1913 1886 540,
1931 1820 2082 1884 10433
2095 1819 2189 1872 Or.
2209 1835 2338 1870 mar.
2353 1811 2520 1881 459.8
2523 1827 2653 1863 cun.

1628 1931 1699 1940 —
1725 1905 1786 1951 Iu
1832 1902 1988 1952 Eua-it
1949 1903 2023 1950 mi
2059 1899 2306 1968 prorepit.-
2346 1895 2420 1948 sic
2469 1907 2654 1945 omnes

1629 1979 1750 2034 edd.
1793 1992 1952 2033 recte.
2002 1980 2068 2032 Et
2101 1979 2318 2046 prorepit
2361 1978 2410 2026 in
2467 1994 2518 2024 m
2499 1977 2652 2024 udam

1630 2079 1740 2114 non
1789 2057 2154 2130 explicandum
2205 2070 2283 2110 est
2327 2053 2500 2106 influit
2517 2091 2533 2116 ,
2573 2053 2652 2104 vel

1633 2140 1886 2192 miscetur
1921 2137 2154 2202 Euxino,
2181 2133 2278 2188 sed
2317 2151 2467 2187 oram
2499 2151 2652 2186 suam

1634 2220 1702 2272 ita
1716 2217 1953 2290 porrigit,
1961 2230 2020 2270 ut
2031 2215 2237 2269 Euxino
2245 2215 2654 2288 adpropinquet.

1635 2299 1812 2365 Quare
1839 2295 1882 2351 si
1913 2294 2187 2368 quoddam
2213 2293 2406 2349 veteris
2432 2292 2548 2345 libri
2577 2292 2658 2345 in·

1635 2376 1832 2431 dicium
1879 2380 2085 2447 juvaret
2103 2416 2120 2442 ,
2153 2393 2254 2447 pro
2301 2377 2354 2424 ia
2403 2376 2652 2424 Euxinum

1635 2457 1880 2511 scribere
1913 2454 2123 2511 mallem
2169 2458 2243 2505 ad
2284 2456 2552 2507 Euxinum.
2587 2482 2654 2491 --

1636 2537 1855 2608 Dionys.
1903 2532 2121 2606 quidem
2169 2534 2480 2605 Hyrcanum
2521 2529 2656 2584 dicit

1635 2617 1828 2689 γείτονα.
1879 2614 2054 2666 πόντου
2095 2612 2310 2675 Εὐξείνου
2327 2652 2342 2675 ,
2390 2610 2534 2683 quod
2583 2610 2657 2663 ad.

1635 2696 1856 2749 verbum
1887 2693 2140 2767 expressit
2159 2692 2322 2745 Prisc.
2341 2711 2391 2744 v.
2411 2696 2530 2745 626.
2548 2692 2654 2743 En.

1708 2776 1828 2845 837.
1844 2775 1909 2825 In
1938 2774 2002 2825 Α.
2033 2786 2087 2825 et
2107 2774 2176 2825 V.
2198 2790 2298 2843 pro
2313 2774 2482 2823 arnbos
2502 2771 2654 2823 inve·

1637 2855 1728 2907 nio
1765 2858 1969 2913 arabas,
1999 2865 2058 2905 ut
2097 2872 2150 2904 V.
2196 2852 2319 2904 821.
2369 2850 2472 2905 Sed
2515 2850 2655 2902 hanc

1635 2934 1914 2986 lectionem
1937 2930 2150 2984 tolerari
2175 2950 2282 2983 non
2300 2948 2483 3001 posse,
2501 2929 2658 2982 docet

1638 3013 1854 3083 Dionys.
1879 3031 1928 3063 v.
1947 3011 2087 3078 634,
2113 3022 2168 3064 ot
2192 3010 2356 3062 Prisc.
2388 3008 2528 3063 6:25
2561 3022 2656 3063 «at

1636 3092 1835 3145 Boreos
1866 3092 2176 3163 Hyrcanum
2192 3090 2378 3183 vergit
2411 3088 2480 3143 ad
2508 3108 2658 3157 axes,

1635 3170 1868 3243 Gurgitis
1887 3171 2084 3223 Euxini
2105 3170 2378 3223 vicinum·
2381 3170 2582 3224 ,scum
2586 3200 2656 3209 -—-

1636 3250 1915 3304 Vedianas
1962 3248 2234 3317 distinguit
2271 3264 2404 3318 tergo
2439 3264 2651 3319 spectat,

1633 3334 1810 3399 procul
1827 3333 2030 3400 adjacet
2051 3331 2239 3380 artibus.
2273 3328 2340 3379 Et
2363 3332 2532 3381 ambos
2563 3328 2658 3379 ha·

1639 3410 1766 3463 bent
1787 3427 1972 3462 omnes
1993 3406 2114 3463 edd.
2131 3408 2392 3461 Caeterum
2411 3406 2516 3461 hoc
2539 3408 2660 3461 1000

1640 3488 1944 3541 varietatem
1989 3488 2225 3560 aliquam
2263 3486 2512 3541 editionis
2543 3487 2658 3541 Va·

1641 3568 1788 3622 diani
1803 3566 2147 3640 deprehendo
2165 3604 2182 3631 ‚
2207 3580 2462 3639 quautam
2481 3564 2658 3621 adhuc

1641 3646 1860 3699 nullam.
1900 3645 2036 3699 Nam
2069 3658 2186 3717 post
2213 3664 2424 3699 versum
2463 3648 2566 3716 837
2603 3658 2659 3697 et

1637 3726 1800 3779 verba
1816 3729 2019 3795 ach'acee
2029 3730 2217 3786 ambos,
2255 3727 2516 3797 integ-rum
2536 3744 2658 3779 ver-

1639 3825 1757 3859 sum
1779 3807 1993 3874 inserit,
2019 3826 2179 3879 quem
2203 3826 2378 3879 neque
2403 3807 2513 3859 aliie
2534 3804 2657 3859 edd.

1641 3898 1958 3957 agnoscunt,
1990 3906 2090 3941 nec
2125 3886 2414 3959 Dionysius
2443 3904 2658 3958 poscere

1641 3966 1867 4019 videtur.
1887 3966 1971 4019 Sic
1989 3966 2131 4019 enim
2146 3966 2360 4027 scribit:
2391 3992 2416 4013 ι
2438 3964 2662 4037 Adjacet

1641 4046 1828 4099 aiubos
1847 4046 1990 4099 Gens
2011 4045 2242 4118 Scythia
2265 4045 2494 4116 dispersa
2512 4086 2528 4111 ,
2567 4064 2659 4097 va-

1640 4125 1820 4196 gisque
1845 4124 2098 4179 sedilibus
2123 4125 2248 4179 exit.
2277 4124 2458 4177 Tellus
2491 4124 2658 4177 multa

1639 4202 1950 4270 dehinc,etr.
1959 4204 2096 4257 ..Alia
2103 4224 2154 4255 m
2166 4204 2260 4274 huj
2267 4222 2329 4255 us
2339 4201 2662 4256 additamen-
