2996 4685
829 353 1451 423 DESCRIPTIO
1501 351 1806 423 ORBIS
1857 355 2244 424 TERRAE.

2471 355 2610 427 205

568 481 753 548 Gens
786 477 1088 548 Marsum
1126 475 1466 570 quondam
1501 473 1721 546 tenuit
1752 474 1928 546 loca:
1955 480 2612 570 tumqueTarentum

572 587 839 683 Surgit,
876 585 1181 680 Amyclaei
1224 584 1486 656 suboles
1530 587 1839 682 praedura
1879 589 2168 682 tyranni.

546 774 669 828 523.
700 777 831 825 Gens
872 773 1088 824 Mar-sam
1126 775 1379 841 quondam
1400 813 1412 824 .
1436 811 1451 826 .
1482 812 1495 825 .

475 870 672 922 tumque
703 859 980 904 Tarentum.
1011 850 1237 904 Videtur
1262 849 1500 905 indicare

474 951 571 986 suo
583 944 821 1006 tempore
830 949 939 984 non
948 931 1286 1003 superfuisse.
1296 930 1502 984 Deinde

475 1013 531 1064 in
570 1026 768 1080 tumque
799 1016 1059 1062 Tarentum
1092 1009 1231 1064 radit
1262 1029 1416 1064 aures
1450 1031 1500 1062 m

474 1091 628 1144 toties
679 1107 955 1144 recurrens
970 1128 987 1154 ,
1025 1090 1149 1142 inde
1196 1090 1496 1162 praeferrem

480 1177 731 1223 Tarentus.
752 1169 914 1222 Sena.
946 1199 1015 1208 -—
1032 1168 1137 1222 Sed
1158 1168 1413 1224 Priscian.
1439 1189 1495 1223 v,

476 1249 577 1320 369
594 1267 608 1301 ε
626 1274 648 1296 ι
671 1261 801 1302 tnnc
820 1247 1309 1302 deindeTarentum
1323 1276 1363 1301 ιο.
1388 1249 1492 1303 Eu.

546 1329 664 1394 5²4.
688 1331 929 1394 Amyclaei
950 1333 1137 1380 suboles
1157 1333 1399 1397 proedura
1424 1345 1496 1394 ςγ-

472 1412 636 1460 renni.
674 1407 833 1460 Forte
858 1410 1110 1460 Phalanti.
1137 1407 1328 1462 Hnms.
1358 1408 1495 1462 Sane

470 1487 561 1540 Sil.
583 1488 661 1540 lx
678 1527 695 1553 ,
726 1489 822 1540 16:
859 1513 885 1532 ··
908 1486 1043 1540 lude
1068 1485 1355 1540 Phalanteo
1374 1488 1496 1540 levi·

470 1579 551 1620 tas
580 1567 815 1620 animosa
842 1567 1075 1620 Tarento
1088 1593 1129 1620 ».
1156 1565 1287 1620 Hor.
1318 1568 1492 1621 Carm.

469 1648 557 1710 11,
582 1666 638 1717 7,
672 1664 767 1713 η,
806 1673 827 1694 ιι
848 1659 1063 1719 regnata
1090 1659 1265 1717 petam
1291 1647 1493 1700 Laconi

470 1729 611 1780 Rura
650 1725 971 1780 Phalanto».
1007 1725 1111 1780 Sed
1147 1745 1250 1798 pro
1279 1726 1493 1798 vulgata

471 1804 593 1858 facit
611 1825 666 1858 v.
693 1809 827 1869 664:
848 1833 873 1852 α
886 1806 1035 1858 Hanc
1055 1823 1213 1876 super
1233 1817 1313 1860 est
1336 1806 1493 1858 tellus

470 1883 640 1937 Ithaci
666 1897 819 1938 vetus
864 1884 985 1938 aula
1028 1884 1300 1956 tyranni».
1344 1885 1495 1938 Dicat

470 1961 689 2034 aliquis,
711 1963 1029 2016 Phalantum
1070 1982 1180 2015 non
1214 1963 1375 2016 fuisse
1406 1981 1491 2016 re·

472 2059 593 2112 gem
629 2043 931 2107 Laconum3
950 2041 1041 2095 sed
1081 2042 1277 2096 dieitur
1302 2043 1407 2110 ita,
1432 2056 1491 2095 ut

474 2121 635 2174 modo
678 2120 823 2193 apud
858 2121 1051 2174 Horat.
1082 2125 1321 2190 Regnavit
1354 2124 1491 2175 forte

469 2199 605 2252 inter
638 2201 838 2254 exsules
873 2219 939 2252 eo
976 2201 1259 2272 profectos.
1288 2204 1354 2254 Et
1394 2221 1491 2255 cnr

469 2298 581 2333 non
639 2290 901 2353 tyrannus
949 2279 1169 2333 Tarenti
1236 2278 1488 2336 demum?

466 2360 627 2415 Scan.
643 2364 918 2413 a-Sobotes
946 2364 1201 2429 pradum.
1234 2361 1377 2434 Lege
1408 2382 1487 2415 su-

466 2443 623 2500 boles,
654 2450 708 2493 et
738 2437 847 2493 vid.
884 2439 1130 2494 Oudeud.
1168 2440 1241 2494 ad
1280 2442 1485 2495 Lucan.

466 2518 523 2571 11
545 2559 562 2585 ,
603 2519 726 2573 331.
772 2519 999 2573 Colonia
1047 2520 1341 2573 habebatur
1364 2526 1489 2593 filia

467 2598 772 2671 metropolis
794 2618 917 2653 suo.
941 2598 1079 2651 Seal.
1104 2598 1177 2653 ad
1196 2600 1365 2653 Catul.
1395 2602 1489 2663 68,

468 2678 568 2742 34:
593 2703 616 2726 ι
637 2678 811 2732 Brixia
840 2679 1067 2733 Veronae
1110 2692 1278 2733 mater
1318 2692 1491 2733 amata

466 2776 597 2811 men
610 2783 654 2809 ιο.
702 2757 860 2831 Apud
912 2758 1103 2813 Claud.
1160 2758 1289 2811 Bell.
1340 2758 1487 2812 Gitd.

467 2857 517 2891 v.
556 2838 687 2903 332,
724 2838 899 2891 Mauri
935 2850 1197 2891 vocantur
1233 2842 1492 2906 Progenies

465 2937 657 2970 vesana
692 2924 849 2971 luha.
890 2916 1097 2971 Paulin.
1150 2917 1219 2971 ad
1272 2917 1489 2990 Cyther.

466 2998 566 3052 305
582 3040 597 3063 ‚
616 3017 666 3069 p.
690 3000 795 3067 489
819 2997 905 3051 ed.
932 3004 1183 3071 Antverp.
1209 3024 1235 3044 α
1258 2998 1491 3051 Massilia

463 3077 687 3131 Graium
736 3078 903 3133 filiu.
948 3079 1147 3131 Herod.
1193 3078 1285 3131 vit.
1332 3077 1488 3130 Hom.

464 3174 511 3207 c·
538 3174 603 3225 9.·
626 3162 689 3213 Οἳ
724 3163 861 3213 πόλιν
899 3161 1119 3217 αἰπεινὴν
1148 3160 1321 3231 Κύμης
1349 3158 1488 3230 ἐριώ-

464 3233 595 3291 πιδα
625 3240 793 3311 κούρην
820 3241 1024 3294 Nais-ea.
1046 3236 1351 3309 ..Spanhem
1402 3238 1487 3289 Pr.

459 3314 629 3368 ..Num
668 3316 805 3389 1,.p
836 3314 967 3387 5773
992 3315 1169 3369 Vales.
1197 3313 1268 3368 ad
1292 3316 1425 3369 Exe.
1456 3332 1488 3366 e

464 3394 650 3467 Polyb.
678 3414 733 3467 p.
768 3402 853 3464 49.
874 3394 1036 3448 Scan.
1054 3397 1337 3445 -Subdes
1353 3414 1489 3461 μνω-

464 3477 593 3525 dura
618 3478 830 3539 ζγναιυιί.
858 3474 1016 3526 Forte
1032 3476 1283 3541 μνααῖαι-α
1305 3472 1484 3525 Heius.

462 3564 515 3605 et
538 3552 763 3625 Higtius.
788 3552 929 3606 Sane
949 3552 1251 3605 Tarentino
1281 3550 1485 3604 delicia

464 3632 623 3686 nimis
667 3644 837 3699 note,
878 3650 1041 3704 quam
1091 3642 1151 3683 ut
1191 3630 1485 3684 Tarentum

456 3715 695 3777 pradum
745 3710 853 3765 dici
904 3710 1085 3783 possit.
1139 3708 1275 3774 Quis
1319 3709 1485 3763 nescit

462 3805 751 3842 coronatum
783 3810 846 3843 ae
874 3795 1103 3860 petulans
1138 3792 1489 3859 madidumque

472 3870 733 3920 Tarentum
758 3871 983 3939 (Juven.
1012 3870 1085 3921 vl
1102 3908 1119 3934 ,
1154 3868 1485 3937 ‘296).Scnn.

462 3946 567 4000 sed
586 3948 671 4001 vix
692 3948 837 4001 aliud
856 3989 872 4014 ‚
892 3966 1052 4020 quam
1075 3948 1337 4016 predum,
1358 3945 1489 3999 scri-

462 4024 589 4079 here
623 4028 797 4098 potuit
816 4028 1077 4093 Avienus,
1101 4027 1141 4079 si
1171 4028 1331 4080 verba
1364 4025 1487 4077 Dio·

463 4110 597 4185 nysii
614 4108 844 4180 respexit
860 4126 931 4160 vs.
964 4107 1095 4178 377:
1119 4098 1191 4163 ἦν
1209 4116 1325 4162 ποτ’
1352 4100 1491 4179 Apu-

1584 775 1763 829 κλαίων
1827 777 2127 829 italicum-o
2182 777 2409 848 καρτερὸς
2459 767 2644 849 Ᾰρηςφ

1585 851 1683 905 Hic
1721 851 1860 906 enim
1888 853 2102 926 respicit
2137 852 2446 907 Parthenias
2464 895 2479 919 ‚
2507 855 2610 908 du-

1585 943 1738 984 rante
1761 933 2022 986 acerrimo
2043 933 2220 996 bello,
2243 934 2478 1006 patribus
2505 937 2607 988 mi-

1584 1009 1761 1063 litibus
1773 1011 2001 1083 genitos,
2013 1013 2150 1084 qui·-
2163 1033 2328 1085 quum
2349 1011 2419 1067 ad
2437 1033 2604 1069 anuos

1585 1089 1736 1143 XXX
1779 1093 2164 1162 pervenissent,
2209 1106 2358 1147 metu
2411 1095 2604 1168 inopine

1586 1167 1776 1222 ducem
1811 1170 2130 1224 Phalantum
2167 1171 2606 1246 adsumpserunt,

1583 1247 1754 1302 filium
1789 1251 1964 1314 Arati,
1986 1253 2080 1322 qni
2111 1265 2298 1306 auctor
2335 1253 2606 1324 Spartanis
2715 1289 2730 1304 2

1585 1326 1756 1381 fuerat
1789 1330 2080 1401 juventutis
2127 1330 2194 1382 ad
2241 1333 2602 1402 generandum

1584 1408 1822 1461 subolem
1845 1427 1912 1459 ex
1937 1412 2062 1460 bello
2092 1407 2310 1462 domum
2337 1413 2606 1468 remitten-

1581 1486 1666 1542 do
1683 1513 1738 1552 a,
1777 1498 1838 1539 ut
1875 1499 2136 1540 memorat
2161 1489 2352 1542 Justin.
2375 1490 2464 1542 lib.
2490 1493 2572 1544 111
2589 1533 2606 1556 ,

1581 1585 1697 1638 cap.
1723 1575 1772 1630 4.
1793 1567 1872 1620 Ex
1893 1565 1978 1619 his
1996 1567 2217 1630 Jmtini,
2233 1581 2328 1620 aut
2342 1570 2604 1624 similibus

1581 1646 1716 1700 alius
1779 1646 2050 1718 scriptoris
2071 1687 2086 1713 ,
2131 1647 2306 1700 verbis
2363 1650 2600 1704 Avienus

1579 1726 1988 1798 adpellationem
2021 1729 2264 1792 Amyelaei
2299 1732 2487 1781 suboles
2519 1747 2603 1795 wy-

1581 1809 1732 1857 rame'
1753 1805 1995 1876 sumpsit.
2022 1804 2347 1871 Partheniae,
2378 1807 2602 1862 Tarenti

1579 1885 1796 1952 coloni,
1831 1883 2040 1938 suboles
2079 1897 2336 1938 vocantur
2373 1888 2486 1954 ejus
2524 1900 2602 1960 ty-

1579 1965 1736 2018 ranni
1773 1969 1967 2037 (quem
1985 1965 2210 2016 Aratum
2235 1965 2376 2018 malo
2399 1966 2599 2020 iutelli-

1579 2061 1704 2114 gere
1721 2083 1738 2110 ,
1764 2063 1924 2116 quam
1953 2043 2327 2112 Phalantum),
2357 2045 2478 2115 quia
2500 2065 2600 2100 au-

1577 2135 1694 2176 ctor
1718 2126 1832 2195 ejus
1855 2121 2166 2194 generandae
2191 2123 2377 2177 fuerat.
2399 2123 2602 2178 Eadem

1574 2203 1788 2256 suboles
1825 2206 2092 2272 pradum,
2139 2203 2260 2274 quia
2309 2202 2603 2256 Partheniae

1577 2281 1756 2355 inopia
1798 2281 2114 2347 conflictati,
2159 2293 2210 2334 et
2254 2301 2285 2334 a
2322 2281 2597 2354 Spartanis

1575 2362 1800 2434 expulsi,
1820 2361 1970 2415 sedes
1989 2362 2116 2415 alias
2139 2362 2410 2433 inquirere
2430 2364 2596 2417 coacti

1575 2454 1726 2506 sunt,
1759 2466 1780 2487 ι
1803 2440 2005 2512 diuque
2029 2453 2082 2493 et
2111 2458 2209 2513 per
2238 2442 2417 2495 varios
2443 2462 2597 2497 casus

1571 2521 1784 2593 jactati,
1833 2518 2050 2573 tandem
2089 2519 2144 2573 in
2182 2520 2394 2573 Italiam
2437 2520 2596 2579 delati

1575 2611 1722 2665 sunt,
1759 2610 1812 2651 et
1843 2610 2101 2671 occupata
2141 2617 2264 2651 arce
2285 2599 2602 2653 Tarentino-

1575 2696 1733 2809 2522:
1757 2678 2600 2823 isspssffisssslssfflffifflssss

1575 2837 1605 2889 J
1609 2836 1815 2888 ustinus
1827 2836 2034 2901 scribit,
2051 2853 2286 2909 quocum
2299 2837 2603 2891 conferatur

1577 2915 1766 2970 Strabo
1785 2954 1800 2982 ,
1827 2915 1922 2967 lib.
1939 2915 2049 2978 Vl,
2077 2934 2127 2985 p.
2147 2917 2279 2979 426,
2303 2914 2441 2968 Alm.
2471 2916 2603 2969 Fere

1579 2994 1744 3067 igitur
1787 2994 1902 3047 talia
1947 2994 2059 3047 haec
2106 2998 2294 3045 suboles
2332 3000 2599 3063 pradum,

1577 3074 1750 3145 qualis
1769 3072 1990 3127 Horatio
2013 3114 2028 3138 ,
2065 3073 2242 3126 Cam.
2267 3074 2383 3139 111,
2409 3078 2474 3142 6,
2503 3076 2601 3129 88.-

1591 3153 1948 3205 -rusticorum
1969 3153 2204 3206 mascula
2225 3153 2456 3206 militum
2480 3173 2603 3225 pro-

1577 3232 1655 3285 les
1672 3258 1694 3279 ι
1721 3232 1930 3285 dieitur.
1961 3232 2032 3283 Et
2063 3232 2294 3284 Avienus
2315 3231 2400 3285 his
2426 3235 2600 3287 verbis

1577 3312 1849 3384 antiquam
1869 3311 2160 3363 Tarentum
2189 3323 2240 3363 et
2269 3311 2468 3382 primos
2487 3317 2602 3386 ejus

1577 3392 1794 3443 colonos
1833 3387 2087 3441 describit
2109 3428 2125 3453 ,
2172 3406 2282 3441 non
2311 3408 2402 3443 eos
2431 3392 2602 3459 cives,

1575 3469 1672 3540 qui
1697 3481 1876 3541 postea
1912 3468 2125 3522 luxuria
2157 3480 2210 3521 et
2238 3470 2458 3525 mollitie
2483 3492 2602 3527 cor-

1575 3549 1718 3620 rupti
1759 3558 2149 3614 memorantur,
2184 3567 2512 3623 quamquam
2549 3566 2602 3606 et

1573 3625 1700 3689 hos,
1720 3626 1912 3681 veteris
1931 3626 2152 3697 originis
2170 3646 2454 3695 memores,
2469 3632 2605 3683 mul-

1574 3716 1626 3759 ta
1645 3724 1712 3759 ex
1729 3702 2112 3759 Lacedatmoue
2131 3718 2180 3759 et
2202 3706 2480 3763 Laeonum
2495 3730 2604 3763 mo·

1575 3786 1721 3841 ribus
1745 3785 2026 3841 retinuisse
2043 3827 2060 3852 ,
2087 3785 2292 3857 antiqui
2319 3788 2602 3857 scriptores

1579 3877 1814 3921 monent.
1843 3864 1968 3917 vid.
2001 3863 2196 3937 Ileyuii
2217 3866 2282 3915 ·V.
2310 3867 2376 3919 C.
2403 3866 2606 3938 Opusc.

1579 3945 1746 4000 Aead.
1773 3958 1810 3998 t.
1832 3946 1890 3997 11
1907 3984 1923 4010 ‚
1951 3962 2072 4017 pag.
2103 3964 2220 3998 πο.
2249 3943 2388 3999 Wd.
2410 3976 2479 3987 —-
2497 3948 2602 3999 Pro

1569 4028 1810 4093 praedm
1827 4024 2008 4077 Heius.
2028 4035 2078 4075 et
2097 4023 2298 4096 Higtius
2321 4024 2606 4078 voluerunt

1569 4109 1848 4173 praedam,
1869 4102 2019 4175 quod
2039 4122 2147 4157 non
2165 4102 2407 4174 displicet
2426 4102 2614 4159 schra-
