2996 4685
471 363 679 382 §AC-§Su
694 362 1240 383 mmmmmm
1248 365 1520 385 §SQSMQOQ
1527 367 2135 392 mmm-»nmmm
2143 373 2602 394 mmmmm

1002 585 1049 634 ⁰
1097 583 1604 673 AVIENI
1675 591 1783 674 V.
1837 588 1938 678 C.

947 801 1082 868 AD
1132 801 1517 870 AMlcos
1567 801 1699 870 DE
1753 723 2036 872 Aeno
2067 803 2115 873 *.

1152 1017 1253 1024 -—.

572 1203 771 1270 Runa
814 1227 1081 1270 morans
1126 1203 1289 1297 quid
1330 1228 1560 1299 agam,
1607 1204 1977 1300 respondeo
2025 1227 2269 1299 pauca,
2310 1217 2602 1300 rogatus.

570 1315 754 1382 Luce
796 1314 973 1382 Deos
1010 1339 1167 1400 oro,
1195 1313 1479 1385 famulos
1511 1329 1662 1408 post
1696 1341 1984 1409 arvaque
2021 1315 2190 1400 viso,
2557 1301 2566 1312 x

572 1422 997 1516 Par-titusque
1037 1425 1202 1492 meis
1228 1424 1443 1517 justos
1492 1423 1722 1494 indico*
1753 1425 2032 1496 labores,

544 1617 569 1643 ‘¹'
598 1617 796 1670 Avieno
840 1631 1024 1670 nostro
1066 1621 1255 1674 merito
1296 1621 1492 1686 tribui,

474 1696 821 1769 pluribusque
869 1698 924 1751 in
971 1699 1244 1754 codicibus
1285 1699 1497 1754 inscribi

475 1777 579 1828 hoc
606 1779 928 1850 epigramma
949 1820 964 1844 ‚
991 1797 1052 1832 ex
1076 1780 1333 1834 relatione
1358 1781 1500 1833 Petri

476 1855 765 1912 Burmanni
830 1879 931 1912 sec.
994 1860 1249 1934 intelliges
1266 1899 1283 1926 ‚
1336 1880 1496 1934 quam

476 1941 735 2009 prooemio
764 1961 880 1994 tneo
909 1944 962 1994 in
988 1943 1244 1995 Avienutn
1278 1941 1493 1994 inserui.

476 2017 845 2092 Sum-agantur
858 2023 1015 2075 etiam
1037 2021 1291 2074 nonnulla
1310 2040 1370 2073 ex
1382 2021 1500 2091 ipso

476 2095 581 2150 hoc
628 2101 861 2154 carmine
906 2099 1133 2173 petenda
1184 2099 1408 2164 indicia,
1440 2112 1498 2152 ut

476 2197 643 2248 quum
670 2180 903 2233 studium
925 2200 1077 2233 suum
1102 2179 1329 2252 poetices
1366 2179 1495 2233 assi-

478 2255 643 2310 duum
668 2279 717 2310 v.
744 2267 774 2323 4
795 2299 811 2324 ‚
834 2279 993 2331 seque
1017 2261 1185 2310 animo
1200 2265 1497 2328 gaudentem

481 2341 718 2406 etsi-nore
739 2344 934 2392 liberum
951 2360 1000 2393 v.
1020 2345 1052 2393 6
1075 2339 1324 2414 praedicat
1337 2382 1351 2407 ‚
1379 2360 1497 2413 qum

476 2417 639 2489 plane
654 2420 980 2472 conveniunt
993 2438 1113 2472 oum
1130 2420 1302 2493 elogio
1320 2458 1335 2483 ,
1352 2418 1497 2493 quod

480 2494 529 2548 ei
574 2496 819 2550 tribuitur
856 2500 913 2551 iu
958 2511 1304 2553 monumento
1332 2518 1357 2551 a
1387 2498 1498 2551 filio

479 2576 687 2647 posito,
708 2596 757 2630 v.
799 2581 850 2633 5.
885 2579 951 2631 Et
980 2578 1161 2631 villam
1207 2597 1497 2651 agrumque

477 2656 681 2709 Avieno
710 2656 893 2726 fuisse,
918 2678 947 2711 e
971 2658 1207 2711 carmine
1246 2657 1312 2711 de
1346 2656 1500 2711 malis

482 2736 697 2790 Punicis
716 2756 762 2792 v.
786 2738 849 2791 25
875 2751 1033 2810 patet.
1057 2738 1149 2791 Est
1175 2738 1229 2791 in
1254 2738 1498 2810 Epistolis

479 2816 635 2869 l‘linii
662 2818 728 2871 36
752 2818 871 2871 libri
900 2820 1009 2885 lx,
1035 2838 1135 2891 qua
1152 2859 1167 2879 ,
1196 2837 1353 2891 quam
1385 2818 1500 2871 vitm

480 2908 529 2948 et
568 2895 868 2951 studiorum
911 2899 1171 2953 rationem
1208 2900 1261 2950 in
1292 2916 1496 2953 secessu

480 2996 573 3028 seu
614 2976 731 3029 villa
781 2991 989 3041 teneat,
1028 2978 1285 3051 querenti
1328 2978 1500 3031 amico

482 3056 723 3126 exponit3
746 3061 896 3129 cujus
924 3057 992 3109 ad
1020 3058 1245 3109 formam
1267 3075 1502 3111 sensum·

478 3154 585 3207 que
612 3134 715 3189 hoc
754 3136 861 3189 fere
890 3137 1207 3209 epigramma
1234 3138 1500 3209 composi·

478 3229 592 3269 tum
626 3214 853 3269 videtur.
892 3249 963 3258 —
1004 3216 1152 3270 Istud
1180 3216 1500 3291 epigramma

412 3362 420 3367 Ι
473 3298 586 3369 jam
613 3300 669 3350 in
699 3298 953 3351 Martialis
977 3316 1123 3369 oper.
1143 3298 1355 3364 tom.1‚
1380 3317 1497 3371 pag.

481 3379 582 3447 487
623 3378 897 3433 retulimus
917 3419 932 3444 ,
992 3390 1043 3431 ct
1082 3377 1232 3431 nobis
1277 3378 1500 3432 omuino

476 3456 719 3511 Martiale
755 3458 1037 3529 iudignum
1077 3457 1245 3511 videri
1274 3456 1500 3512 adnota-

477 3535 666 3589 vimus.
692 3538 792 3590 En.
1004 3546 1017 3557 “

557 3637 599 3667 1.
642 3620 891 3685 Respondi
928 3638 1097 3686 pauca
1144 3632 1367 3686 rogatus.
1412 3617 1497 3670 Sic

479 3695 707 3753 Pithoeus
730 3710 781 3749 et
804 3698 1140 3750 Burmannus
1178 3695 1491 3751 ediderunt:
1531 3734 1536 3740 -

479 3778 731 3843 respondit
758 3778 914 3830 Voss.
954 3789 1004 3828 et
1036 3778 1326 3831 Vaticanus
1352 3776 1495 3829 Mat·-

478 3854 615 3907 tialis
642 3852 807 3907 codex
830 3875 843 3906 ε
867 3860 1138 3923 respondeo
1162 3856 1416 3909 Wittinn.
1448 3868 1498 3909 et

478 3934 561 3989 ed.
601 3934 765 3987 Scriv.
800 3934 973 3998 Quam
1020 3934 1297 3988 lectionem
1348 3935 1495 3987 alteri

482 4014 734 4087 pressere,
773 4014 899 4085 quia
944 4012 1018 4067 sic
1066 4014 1199 4065 bene
1248 4014 1497 4067 convenit

480 4095 669 4149 ultimo
688 4094 877 4147 versui.
901 4094 1031 4145 Nam
1057 4110 1112 4145 se
1134 4092 1239 4145 hoc
1262 4092 1500 4147 carmine

1585 1621 1815 1675 breviter
1849 1621 2170 1693 respondere
2203 1621 2268 1676 iis
2305 1621 2606 1693 profitetur,

1587 1702 1681 1773 qui
1709 1720 1769 1754 se
1807 1700 1874 1754 de
1899 1700 2245 1754 rusticatione
2271 1719 2362 1754 sua
2389 1719 2608 1771 rogave-

1587 1793 1792 1834 verant.

1663 1881 1714 1914 a.
1741 1867 1896 1912 Mane
1919 1865 2071 1911 Deum
2097 1879 2273 1914 exoro.
2313 1867 2440 1912 Luce
2475 1865 2604 1912 Deos

1587 1961 1673 1992 oro
1694 1940 1985 1993 Vossianus
2012 1941 2078 1992 ab
2105 1940 2321 1992 Heinsio
2347 1939 2570 1994 collatus
2591 1979 2605 2004 ,

1587 2017 1842 2073 Wittian.
1883 2029 1934 2070 et
1963 2017 2046 2071 ed.
2085 2018 2247 2072 Scriv.
2287 2025 2441 2072 Mane
2477 2025 2606 2072 Deos

1585 2117 1671 2164 oro
1716 2099 1970 2170 Excerpta
1995 2099 2322 2154 Heiusiana:
2361 2098 2484 2154 dein
2514 2101 2610 2168 sb-

1586 2183 1742 2230 mulos
1752 2193 1894 2248 post:
1916 2199 2039 2232 arva
2064 2182 2217 2232 reviso
2243 2180 2456 2252 quintus
2473 2181 2610 2232 Vos·

1589 2259 1792 2312 sianus:
1815 2261 2041 2328 famulos
2062 2274 2182 2328 pose·
2211 2279 2332 2311 arva
2363 2263 2516 2312 reviso
2551 2261 2607 2312 in

1590 2340 1854 2395 vossiano
1880 2342 1948 2395 ab
1971 2341 2189 2395 Heinsio
2213 2339 2408 2395 collato
2423 2378 2440 2405 ,
2460 2339 2612 2393 Wit-

1587 2420 1764 2485 tiano,
1812 2435 1864 2474 et
1913 2422 2036 2476 edit.
2083 2422 2245 2475 Scriv.
2287 2422 2610 2489 famulosque

1587 2520 1708 2552 arva
1738 2506 1891 2554 reviso
1921 2502 2040 2555 cod.
2072 2500 2222 2555 Leid.
2249 2502 2435 2555 Bout-
2459 2530 2528 2540 —-·
2553 2498 2612 2553 Si

1579 2596 1697 2649 pose
1741 2582 2050 2637 adverbium
2096 2582 2423 2635 censebimus
2451 2618 2468 2646 ,
2519 2578 2609 2634 hic

1588 2661 1688 2714 erit
1710 2680 1893 2717 sensus
1914 2681 1929 2714 ε
1947 2662 2196 2715 Famulos
2211 2660 2408 2724 reviso,
2419 2655 2610 2713 deinde

1588 2760 1745 2805 arx-23
1793 2743 1874 2794 sin
1923 2754 2100 2796 autem
2145 2738 2604 2813 propositionem:

1589 2822 1834 2877 Famulos
1858 2822 2029 2875 reviso
2043 2862 2059 2887 ,
2083 2832 2366 2892 postquam
2387 2836 2511 2871 arva
2533 2836 2612 2871 rc·

1591 2902 1706 2955 visi.
1734 2902 1889 2955 Prior
1916 2918 2098 2953 sensus
2129 2898 2263 2953 mihi
2299 2899 2470 2970 placet
2493 2916 2608 2952 ma·

1587 2982 1696 3052 εἰη
1717 2993 1768 3033 et
1788 2981 2004 3035 Poetam
2023 2992 2155 3053 puto
2175 2979 2410 3051 primum
2435 2978 2610 3031 famu·

1587 3060 1654 3113 lis
1702 3060 1758 3112 iu
1805 3058 1968 3112 domo
2019 3078 2111 3111 sua
2159 3077 2276 3113 suas
2311 3057 2614 3129 quibusque

1589 3150 1761 3209 partes
1790 3138 2135 3205 distribuere,
2165 3134 2360 3190 deinde
2381 3154 2614 3207 egressu·

1588 3234 1740 3285 rum,
1777 3229 1834 3271 ut
1875 3218 2158 3271 distribuat
2185 3215 2389 3287 villicis.
2435 3214 2512 3267 De
2543 3214 2611 3267 le-

1588 3296 1788 3363 ctione,
1828 3316 1989 3369 quam
2027 3296 2141 3365 ipse
2169 3294 2273 3349 hoc
2311 3295 2430 3349 loco
2454 3311 2608 3347 usur·

1585 3395 1656 3449 po
1675 3415 1690 3442 ,
1721 3374 1824 3431 vid.
1863 3396 1981 3448 quae
2009 3374 2216 3429 dudum
2243 3374 2423 3427 monui
2467 3371 2608 3443 (huj.

1589 3476 1676 3531 op.
1699 3468 1826 3511 tom.
1850 3456 1954 3523 111,
1983 3475 2104 3529 pag.
2129 3458 2232 3519 460
2251 3492 2266 3519 ,
2305 3452 2360 3505 in
2385 3464 2512 3506 nota
2540 3450 2608 3504 ad

1586 3536 1731 3589 hunc
1759 3555 1987 3590 versum.
2027 3536 2154 3601 En.)

1659 3616 1708 3669 3.
1747 3618 2058 3683 Partitusque
2093 3617 2245 3673 meis,
2270 3612 2342 3665 ita
2377 3612 2432 3663 in
2465 3610 2608 3662 Vati-

1585 3714 1705 3749 can.
1757 3694 1913 3748 Voss.
1973 3706 2025 3747 et
2083 3692 2354 3764 Excerptis
2420 3690 2606 3744 Heius.

1587 3778 1809 3828 Partibus
1833 3788 1984 3843 atque
2004 3777 2120 3826 meis
2149 3772 2400 3827 Wittian.
2436 3782 2488 3824 et
2517 3768 2602 3823 ecl.

1585 3854 1753 3909 Scriv.
1793 3857 2101 3922 Punicasque
2131 3856 2250 3905 meis
2290 3849 2415 3904 cod.
2459 3848 2608 3902 Leid.

1589 3937 1837 3986 Panibus.-
1861 3948 2012 4002 atque
2039 3934 2156 3984 meis
2183 3928 2526 4002 distinguitur
2551 3926 2608 3980 in

1589 4013 1761 4085 primo
1779 4014 1929 4065 Voss.
1950 4010 2298 4065 Bonam-Sic
2334 4011 2517 4077 partin·
2537 4012 2616 4060 Ia-

1588 4095 1748 4145 borem
1779 4091 1904 4145 dicit
1927 4092 2072 4164 Virg.
2089 4096 2209 4145 AEn.
2229 4088 2326 4142 lib.
2350 4086 2402 4153 Ῑ,
2432 4088 2499 4141 de
2527 4084 2614 4139 Di·
