2996 4685
481 389 613 437 112

1235 371 1320 437 R.
1377 371 1451 435 F.
1504 372 1851 445 AVIENI

571 495 886 583 Quatuor
926 489 1148 561 infuso
1189 489 1322 561 late
1362 491 1497 563 sale
1540 508 1723 591 terga
1762 494 2130 565 dehiseunt.

570 604 836 675 Primus
877 602 947 671 in
985 602 1148 672 orbe
1183 603 1367 674 sinus
1404 607 1571 674 vasti
1614 606 1818 677 maris
1856 630 2123 699 aequora
2159 606 2410 702 gignit,

476 813 589 849 non
624 810 748 849 raro
787 792 1034 865 loquatur
1069 788 1159 842 hic
1191 789 1406 862 grandia
1444 802 1500 843 et

477 874 665 927 doctus
687 870 910 943 scriptor
923 910 940 937 ,
977 888 1088 923 non
1113 880 1294 922 tamen
1313 868 1467 924 video
1482 909 1501 937 ‚

474 948 744 1025 quomodo
789 950 846 1002 in
898 948 1046 1003 ainus
1089 947 1209 1001 illos
1255 948 1498 1003 Oceanus

471 1038 678 1101 desuper
693 1048 816 1085 aeae
827 1029 1102 1101 invergere
1125 1028 1349 1083 dicatur.
1366 1029 1501 1083 scri-

476 1110 717 1166 bendum
741 1110 1027 1181 argutabar
1055 1128 1109 1160 se
1139 1127 1300 1177 super.
1336 1109 1497 1160 BAR-

473 1192 730 1258 TmUs,
753 1188 893 1243 Adv.
917 1188 1094 1242 XLIX
1109 1228 1126 1253 ,
1143 1206 1259 1261 cap.
1286 1188 1366 1242 13.
1390 1186 1496 1241 Sed

476 1266 932 1345 quemadmodum
955 1268 1050 1340 qui
1076 1287 1108 1321 e
1127 1280 1341 1341 patente
1361 1267 1498 1319 mati

473 1352 530 1405 in
553 1360 764 1423 portum
786 1348 1066 1420 navigant,
1091 1368 1160 1400 ex
1189 1351 1290 1399 alm
1317 1347 1498 1401 venire

476 1430 754 1495 dicuntur,
795 1428 868 1480 ita
891 1437 944 1481 et
969 1425 1127 1480 undo
1151 1427 1355 1481 Oceani
1376 1444 1501 1497 pos-

480 1521 608 1566 sunt
631 1510 690 1563 in
715 1508 862 1561 sinus
894 1506 1042 1561 illabi
1076 1510 1298 1576 desuper.
1323 1505 1501 1578 Atque

479 1590 677 1663 optime
713 1588 854 1641 hanc
899 1587 1147 1641 voculam
1189 1586 1502 1659 interpreta-

480 1686 602 1721 mur
627 1686 659 1720 e
691 1668 810 1719 loco
843 1665 1005 1737 plane
1035 1666 1249 1737 gemino
1279 1664 1498 1731 Avieni,

480 1747 577 1801 Or.
610 1746 785 1799 max-it.
817 1763 895 1799 va.
931 1746 1065 1813 394,
1099 1743 1194 1797 ubi
1224 1743 1408 1797 itidem
1434 1743 1504 1798 de

479 1826 699 1880 Oceano
726 1842 740 1877 :
786 1849 808 1873 ι
835 1824 1122 1895 Plerosque
1167 1824 1369 1895 quippe
1412 1842 1505 1877 ex-

475 1906 736 1960 tdnaecua
755 1914 940 1957 curvat
954 1902 1117 1969 ainus,
1143 1902 1505 1976 Nom-umque

480 1987 542 2039 in
574 1985 762 2039 orbem
799 1983 876 2036 vis
916 1980 1173 2055 profundi
1201 1982 1438 2037 illabitur
1457 2009 1503 2037 ι.

481 2062 644 2131 Quod
669 2063 830 2135 igitur
855 2061 946 2116 hic
968 2064 1300 2123 extrinsecus,
1324 2063 1382 2116 in
1405 2082 1503 2116 no·

473 2158 586 2199 etro
608 2144 728 2195 loco
745 2154 824 2195 est
845 2145 1070 2210 desuper.
1098 2141 1504 2195 W.—Pithoeus

477 2242 606 2277 cum
622 2223 766 2273 Ven.
804 2220 931 2293 legit
965 2231 1017 2273 et
1052 2218 1327 2291 distinguit
1358 2236 1505 2273 cavat

477 2303 786 2356 illabentibus
814 2303 959 2352 undis
985 2304 1206 2368 Desuper
1227 2313 1278 2352 et
1301 2304 1460 2354 multis
1481 2321 1503 2354 .·

479 2383 654 2435 celebri
693 2382 779 2432 sub
813 2381 1030 2432 nomine.
1075 2376 1400 2432 Schraderus
1444 2380 1502 2432 in

477 2479 645 2532 marg.
670 2459 870 2530 Trogn.
903 2468 1176 2510 notaverat
1206 2462 1427 2527 Desuper
1458 2475 1507 2511 ee

477 2541 700 2594 cumulis.
723 2535 832 2592 Sed
855 2557 884 2588 e
903 2539 1066 2588 multis
1086 2535 1368 2608 legendum
1387 2555 1502 2594 ease

477 2618 613 2674 vidit
639 2617 856 2672 Camers
873 2614 944 2668 ad
963 2615 1124 2669 Prisc.
1154 2616 1222 2669 63
1239 2653 1255 2680 ,
1280 2628 1332 2668 et
1353 2627 1503 2670 notat

475 2699 716 2753 Gmnov.
773 2695 923 2748 liber.
975 2693 1180 2748 Deinde
1226 2694 1500 2750 vadianus

472 2777 672 2850 optime
706 2774 982 2846 distinguit
1015 2776 1324 2826 illabentibus
1352 2778 1498 2828 undis

473 2861 680 2924 desuper
694 2876 714 2906 .-
729 2858 775 2906 Ε
793 2856 955 2905 multis
971 2856 1149 2905 celebri
1155 2877 1178 2916 ‚-
1197 2853 1344 2926 quod
1355 2867 1498 2926 post-

474 2955 534 2988 ea
571 2955 602 2988 e
640 2937 946 3008 conjectura
981 2933 1108 2988 fecit
1141 2933 1325 2988 Barth.
1357 2933 1494 2990 Λᾶν.

475 3015 743 3080 XXVIII,
775 3017 839 3066 16
859 3049 875 3076 ,
909 3023 960 3066 et
987 3012 1313 3068 Schraderua
1339 3012 1492 3068 adse·

471 3095 580 3149 ruit
611 3095 668 3146 in
705 3093 854 3147 notia.
887 3092 1044 3146 Hunc
1078 3105 1336 3164 proterea
1368 3111 1491 3147 aua-

473 3175 601 3230 tiaae
648 3179 712 3224 Ue
749 3173 909 3226 multis
953 3175 1134 3238 celebri
1179 3174 1250 3224 sic
1297 3174 1493 3224 nomine

470 3264 687 3309 tentatur
713 3252 960 3306 Friesem.
984 3249 1074 3304 sed
1097 3263 1236 3304 notae
1254 3251 1366 3322 ejus
1387 3250 1493 3306 hoc

470 3353 580 3388 non
603 3342 921 3404 agnoscunt,
955 3349 1056 3382 nec
1081 3348 1181 3400 ego
1199 3329 1324 3382 aatia
1340 3329 1494 3383 intel-

471 3411 596 3485 ligo.
627 3412 868 3483 Denique
897 3407 1150 3463 Oudend.
1185 3409 1243 3461 in
1266 3408 1489 3462 Ohoerv.

471 3492 622 3548 misc.
643 3491 829 3555 vohv,
849 3502 978 3542 tom.
997 3491 1053 3552 1,
1083 3507 1136 3560 p.
1155 3491 1246 3559 67,
1271 3485 1494 3540 definire

471 3590 580 3626 non
597 3568 786 3635 audet,
817 3588 887 3622 an
905 3587 1006 3641 pro
1023 3573 1246 3636 Desuper
1267 3580 1314 3618 ee
1333 3568 1493 3618 multis

465 3648 866 3704 rescribendum
888 3650 956 3702 ait
969 3653 1136 3716 plures
1154 3649 1353 3716 exigui,
1382 3645 1492 3699 dis-

470 3729 718 3782 tinctione
741 3729 914 3802 posita
931 3739 1048 3799 post
1062 3731 1210 3779 undis
1223 3749 1245 3789 ‚·
1274 3745 1342 3778 an
1363 3744 1492 3780 vero

471 3813 678 3877 desuper
716 3821 943 3859 enectam
959 3845 976 3869 ,
1013 3804 1161 3876 quod
1205 3817 1492 3876 utrumque

471 3879 614 3952 apud
653 3878 969 3949 Dionysium
1003 3888 1081 3928 eat
1117 3894 1169 3928 v.
1210 3883 1274 3940 4²
1305 3888 1355 3928 et
1388 3877 1487 3942 433

467 3960 636 4030 magis
667 3969 846 4010 tamen
888 3956 935 4008 ei
969 3966 1085 4006 tum
1117 3955 1186 4008 ob
1212 3954 1486 4010 literarum

470 4039 790 4092 vicinitatem
801 4073 816 4097 ‚
827 4047 940 4086 tum
959 4033 1032 4084 ob
1049 4032 1362 4104 elegantiam
1375 4033 1488 4106 pla-

432 4132 442 4146 ·
469 4129 554 4170 cet
571 4120 780 4183 desuper
799 4127 1052 4172 emeram,
1068 4111 1194 4184 quia
1211 4110 1356 4166 idem
1378 4133 1488 4169 non

1582 808 1707 844 raro
1737 788 1956 844 adhibet
1980 789 2215 845 Avienus
2224 831 2243 858 ,
2266 791 2347 844 uti
2371 810 2451 845 va.
2484 810 2605 864 ¹¹7·

1588 870 1690 936 432
1707 907 1724 935 ,
1752 872 1873 925 861.
1903 900 1969 961 -ἰ-
1986 872 2083 921 Sub
2105 873 2331 963 nuntiae!
2378 884 2442 925 nt
2479 871 2570 965 hic
2592 909 2608 934 ‚

1582 960 1803 1086 ῒῗῖἨῘ
1812 951 2097 1085 3ἶὲῗὸῖῖ
2112 950 2381 1074 ω’)..ῖῖῗέῗζ
2399 950 2607 1076 3ἒὲ

1582 1100 1875 1172 loquuntur
1916 1097 2142 1153 Ovidius
2184 1112 2236 1152 et
2276 1099 2479 1154 Livius.
2526 1102 2608 1155 De

1584 1179 1726 1233 varia
1774 1182 1887 1251 ejna
1936 1178 2177 1231 fot-unuln
2222 1178 2609 1251 significatione

1582 1260 1689 1313 vid.
1722 1260 2011 1311 Burmann.
2044 1257 2113 1313 ad
2150 1256 2306 1312 ovid.
2334 1258 2491 1313 Triat.
2518 1258 2607 1325 11,

1585 1338 1708 1393 551.
1733 1338 1895 1393 Scan.

1658 1438 1745 1491 77.
1762 1424 1921 1487 Terga
1938 1420 2212 1479 dehiseunt,
2234 1416 2274 1471 i.
2298 1434 2344 1469 e.
2366 1418 2613 1490 aperiun-

1586 1511 1675 1553 tur
1717 1502 1799 1552 vel
1845 1508 2121 1569 patescunt
2159 1496 2311 1551 ainus
2347 1507 2610 1551 terrarum

1588 1577 1768 1631 infuso
1797 1594 2028 1649 aequore.
2048 1576 2230 1629 Verbo
2256 1579 2427 1639 him,
2461 1576 2611 1651 qnod

1588 1655 1731 1709 idem
1750 1669 1847 1723 est,
1866 1655 2000 1708 infra
2020 1655 2190 1708 utitur
2208 1674 2291 1709 va.
2317 1672 2412 1709 ποι
2435 1675 2449 1710 :
2472 1682 2497 1703 ιι
2510 1670 2611 1711 ten-

1588 1755 1753 1809 taque
1786 1735 1935 1809 parci
1972 1735 2235 1789 Faucibus
2278 1736 2387 1789 oris
2422 1735 2537 1791 hiat
2558 1762 2607 1791 ι.

1588 1816 1675 1871 Sic
1722 1828 1905 1870 eontra
1948 1820 2088 1868 unda
2139 1818 2419 1869 dehiscente
2466 1816 2607 1871 infra

1589 1899 1772 1966 aperiri
1794 1911 1924 1949 terra
1940 1899 2251 1967 incer-fluetus
2274 1896 2473 1950 dicitur
2492 1896 2610 1950 Vir-

1589 1976 1679 2048 gil.
1699 1979 1822 2030 AEn.
1847 1978 1908 2041 1,
1942 1979 2058 2030 106.
2084 1981 2247 2044 Terga
2267 1990 2459 2049 quarto
2482 1996 2609 2031 casu

1590 2056 1955 2128 accipiendum
2001 2068 2080 2110 eat
2114 2073 2211 2127 per
2252 2057 2606 2128 graecismum.

1590 2139 1861 2189 Dehiscum
1881 2134 2025 2190 sinus
2049 2153 2155 2207 qua
2177 2150 2320 2205 terga
2343 2156 2433 2191 aua
2452 2176 2467 2201 ‚
2505 2137 2541 2190 i.
2562 2156 2606 2189 e.

1590 2232 1696 2286 qua
1724 2215 2005 2268 cavitatem
2034 2215 2117 2267 vel
2144 2214 2319 2269 sinum
2353 2216 2608 2270 efficiunt.

1590 2294 1749 2348 Conf.
1794 2312 1842 2346 v.
1885 2301 1970 2362 94.
2008 2292 2123 2348 Hoc
2168 2312 2325 2350 sensu
2363 2294 2606 2361 Gratius,

1590 2377 1841 2449 Cyneget.
1867 2395 1916 2430 v.
1945 2377 2034 2440 30,
2060 2390 2247 2447 tergum
2279 2377 2379 2430 reti
2394 2377 2606 2443 tribuit,

1588 2454 1737 2526 quod
1785 2455 1953 2508 feram
1998 2455 2359 2510 incurrentem
2396 2457 2602 2531 capiat:

1590 2559 1613 2581 ι
1634 2535 1733 2587 Per
1755 2554 1905 2590 senos
1940 2539 2140 2588 circum
2170 2555 2337 2610 usque
2358 2537 2506 2592 ainus
2527 2538 2607 2590 la·

1586 2615 1806 2685 qneabis
1822 2653 1840 2679 ,
1867 2617 2114 2686 (cassem)
2148 2628 2209 2668 ut
2231 2633 2443 2670 omnem
2468 2622 2608 2671 Con·

1586 2693 1746 2765 cipiat
1781 2705 1962 2766 tergo,
1998 2693 2037 2745 si
2066 2693 2351 2766 quisquam
2381 2705 2459 2749 est
2484 2695 2603 2768 plu·

1584 2769 1753 2827 rimus
1766 2773 1997 2840 ,hostem
2008 2799 2049 2827 n.
2070 2775 2350 2828 Bai-thium
2364 2815 2380 2840 ,
2398 2776 2491 2848 qui
2512 2792 2611 2828 ter-

1582 2871 1700 2921 gum
1729 2851 1796 2906 de
1832 2851 2055 2924 planitie
2081 2853 2205 2907 retia
2236 2855 2457 2926 accipit,
2500 2855 2610 2909 falli

1586 2932 1827 2985 existimo
1851 2972 1867 2998 ,
1923 2931 2019 2984 etsi
2069 2930 2174 2988 hac
2226 2934 2608 3008 significatione

1583 3022 1725 3082 terga
1746 3011 1859 3082 agri
1886 3021 1939 3063 et
1972 3011 2133 3064 maria
2167 3011 2274 3067 dici
2318 3015 2486 3088 poetis
2528 3033 2608 3068 so·

1582 3089 1723 3154 lent,
1760 3100 1821 3142 ut
1852 3089 1907 3142 in
1936 3089 2099 3143 nostri
2138 3091 2234 3147 Or.
2288 3113 2424 3147 mar.
2467 3093 2563 3148 1²5
2590 3113 2604 3148 :

1594 3193 1617 3214 ι
1638 3167 1757 3220 Non
1780 3167 1835 3222 in
1862 3167 2191 3240 profundum
2228 3183 2373 3244 terga
2403 3171 2608 3228 demitti

1582 3245 1745 3301 maria
1759 3273 1805 3300 υ.
1845 3248 1947 3302 W.

1655 3327 1740 3396 78.
1786 3331 2010 3396 AEquom
2051 3331 2208 3400 cingit
2243 3331 2427 3386 scribit
2462 3331 2602 3386 Pith.

1582 3403 1675 3458 sed
1711 3402 1919 3460 'Veneta
1957 3407 2119 3478 habet
2167 3413 2367 3480 gingm‘c
2380 3451 2397 3474 ‚
2460 3412 2607 3466 unde

1581 3483 1671 3536 ille
1684 3487 1855 3554 gignit
1876 3487 2057 3560 potius
2072 3527 2087 3552 ,
2106 3507 2267 3560 quam
2295 3493 2481 3559 cingit,
2512 3491 2608 3546 eli-

1584 3581 1703 3616 cere
1720 3563 1922 3619 debuit.
1936 3566 2108 3638 Atque
2124 3565 2228 3620 hoc
2249 3567 2424 3639 ipsum
2440 3573 2611 3640 gignit

1583 3657 1947 3714 expresserunt
1965 3645 2124 3717 Cusp.
2144 3657 2197 3698 et
2210 3646 2347 3700 vad.
2370 3667 2469 3720 per
2485 3669 2607 3702 con-

1578 3722 1834 3792 jecturam
1870 3725 2189 3777 invenerunt
2224 3725 2405 3780 Bas-th.
2443 3727 2478 3779 l.
2519 3729 2603 3783 cit.

1582 3797 1750 3851 Huda.
1774 3801 1830 3855 in
1855 3800 1993 3854 Add.
2027 3802 2140 3872 (qui
2167 3813 2345 3858 tamen
2370 3818 2422 3859 et
2446 3811 2607 3878 tangit

1580 3879 1811 3950 conjicit)
1829 3879 2046 3934 Schrad.
2069 3891 2120 3932 et
2142 3880 2281 3953 Higt.
2302 3885 2355 3936 in
2376 3887 2602 3940 schedis.

1580 3953 1773 4014 Probat
1803 3958 1981 4011 Barth.
2012 3977 2075 4011 ex
2102 3959 2384 4034 Dionysio,
2418 3985 2467 4017 ν.
2498 3967 2598 4030 45ε

1580 4041 1630 4099 ὃς
1656 4041 1879 4111 ἑσπερίην
1911 4041 2010 4091 ἅλα
2035 4041 2188 4095 τίκτει
2214 4065 2227 4078 ·
2278 4041 2602 4097 Schraderus

1578 4113 1733 4168 etiam
1763 4115 2074 4170 auctoritate
2101 4117 2218 4172 cod.
2244 4121 2409 4175 Ortel.
2438 4123 2603 4176 Caete-
