2996 4685
1484 678 1588 733 ne

1120 931 1233 1016 R.
1300 927 1397 1015 F.
1468 925 1947 1017 AVIENI

501 1190 1524 1300 DESCRIPTIONE
1581 1191 2004 1296 ORBIS
2058 1189 2590 1296 TERRAE.

1230 1526 1334 1578 AD
1383 1525 1842 1583 LECTOREM.

1033 1824 1932 1860 -—----——---·000--—---
1998 1841 2038 1849 -

470 2072 650 2204 Qm
683 2119 857 2199 parte
888 2103 1173 2170 secunda
1204 2105 1363 2169 tomi
1395 2105 1449 2167 V
1477 2103 1660 2169 Poet.
1680 2104 1817 2168 Lat.
1835 2103 2093 2193 min.(1)
2111 2103 2357 2192 reliqua
2380 2102 2600 2167 omnia

464 2211 827 2276 carminum
854 2209 1436 2301 geographicorum
1460 2232 1567 2274 me
1589 2209 1918 2274 editurum
1943 2207 2365 2298 promiseram
2378 2257 2398 2294 ,
2425 2231 2603 2274 nunc

466 2317 685 2407 spatiis
711 2317 954 2408 iniquis
984 2315 1284 2383 exclusus
1310 2316 1481 2383 hanc
1505 2317 1642 2383 sola
1667 2316 1895 2383 Avieni
1919 2315 2239 2407 Per-iegesi
2265 2338 2470 2407 cogor
2496 2313 2604 2381 ab·

466 2424 734 2490 solvere.
770 2426 1006 2489 Caussa
1042 2424 1182 2505 ejus
1234 2424 1328 2489 rei
1381 2446 1592 2513 quum
1645 2423 1784 2512 ipsa
1838 2424 2037 2505 hujus
2095 2422 2396 2488 carminis
2416 2471 2435 2507 ‚
2472 2444 2604 2511 qua

466 2530 685 2595 omnia
720 2530 1033 2595 hactenus
1064 2530 1235 2595 edita
1270 2546 1563 2621 superat,
1592 2530 1939 2621 longitudo
1973 2547 2104 2613 est,
2137 2547 2282 2595 tum
2299 2527 2602 2594 'animad-

466 2637 839 2703 versionum
885 2636 981 2703 10.
1030 2636 1400 2721 Schraderi,
1430 2660 1574 2726 quae
1607 2636 1965 2720 adduntur,
1988 2638 2174 2726 copia
2211 2654 2277 2701 et
2312 2636 2596 2701 ubertas.

469 2744 647 2827 Quas
675 2742 986 2833 quoniam
1012 2742 1289 2834 integras
1320 2759 1387 2807 et
1417 2742 1690 2808 illibatas
1725 2740 1878 2808 dare
1909 2766 1987 2809 ex
2020 2744 2341 2833 promisso
2373 2742 2605 2807 consti·

467 2866 751 2934 meram,
784 2872 999 2938 neque
1029 2866 1247 2915 tamen
1281 2872 1504 2914 earum
1538 2872 1760 2915 caussa
1790 2847 1877 2913 ita
1909 2871 2015 2913 me
2047 2848 2356 2938 putabam
2388 2850 2456 2913 in
2491 2871 2603 2913 or-

466 2952 684 3021 dinem
724 2954 958 3047 redigi,
984 2972 1095 3040 ut‚
1124 2979 1284 3046 quas
1317 2978 1502 3047 oeque
1535 2955 1920 3022 necessarias
1954 2977 2094 3021 esse
2122 2954 2412 3020 viderem
2433 3005 2452 3040 ,
2485 2955 2602 3020 ad-

466 3064 833 3130 notationes
864 3065 1139 3130 aliorum
1171 3082 1237 3130 et
1264 3088 1437 3129 meas
1457 3064 1558 3129 vel
1581 3062 2063 3147 contraherem,
2084 3062 2188 3128 vel
2215 3085 2601 3145 resecarem,

464 3168 710 3233 factum
752 3183 848 3235 est
888 3170 1077 3253 inde,
1111 3188 1186 3236 ut
1231 3186 1363 3236 tota
1408 3170 1475 3234 in
1511 3170 1833 3236 Avienum
1870 3170 2334 3236 commentatio
2367 3168 2437 3233 in
2471 3168 2602 3232 hoc

466 3272 746 3362 spatium
802 3290 997 3363 atque
1051 3278 1117 3339 in
1166 3276 1339 3341 hanc
1388 3276 1886 3365 amplitudinem
1941 3275 2296 3341 excederet.
2355 3270 2602 3338 Eadem

466 3400 689 3443 caussa
723 3400 826 3442 me
860 3382 1075 3471 coegit
1105 3381 1317 3464 aliam,
1332 3398 1530 3471 atque
1559 3380 1876 3447 hactenus
1913 3379 2221 3445 consuevi
2239 3429 2258 3462 ,
2281 3379 2603 3444 rationem

467 3486 532 3549 in
571 3482 949 3549 ordinandis
988 3484 1486 3577 digerendisque
1533 3487 1705 3553 notis
1748 3488 1934 3552 inire.
1989 3487 2215 3570 Quum
2263 3482 2603 3551 Schraderi

535 3712 613 3778 (ι)
646 3708 761 3763 Hac
790 3720 967 3763 autem
995 3720 1146 3782 parte
1172 3710 1259 3765 hic
1286 3724 1463 3765 tomus
1486 3710 1540 3762 V
1567 3722 1746 3765 noster
1772 3708 2104 3777 conflabitur,
2131 3706 2352 3783 adjectis
2383 3722 2562 3763 tamen
2585 3746 2602 3773 ,

464 3808 525 3849 ut
558 3796 902 3869 promisimus
920 3838 938 3865 ,
972 3796 1123 3853 Arati
1158 3796 1562 3865 Phonomenis,
1599 3810 1652 3853 et
1681 3796 2063 3853 Astmnomicis
2103 3798 2422 3871 quibusdam
2469 3796 2601 3851 affis.

462 3884 723 3939 cumn
738 3926 755 3953 ,
792 3886 942 3959 quod
958 3886 1371 3942 Wemsdorflns
1394 3906 1522 3943 mox
1545 3900 1838 3961 promtum
1863 3924 1882 3953 ,
1929 3906 1987 3941 κ
2012 3887 2172 3943 aliam
2205 3888 2260 3941 iu
2283 3887 2430 3941 notis
2455 3886 2604 3957 dige-

462 3972 647 4029 mdis
670 3975 933 4032 κύουσαι
954 3976 1193 4041 inivisse.
1218 3994 1329 4033 non
1352 3976 1409 4033 in
1436 3990 1680 4034 nosti-um
1712 3996 1847 4050 opus
1869 3976 2102 4045 cadum,
2127 3979 2284 4051 cujus
2299 3974 2600 4049 dispo-ido-

466 4080 591 4119 nem
606 4062 927 4137 protendenti
946 4076 1077 4122 nota
1094 4065 1420 4139 aperuimus,
1438 4066 1552 4139 huj.
1573 4066 1703 4125 tomi
1722 4066 1798 4134 V,
1815 4086 1936 4141 pag.
1953 4069 2038 4131 64
2069 4066 2174 4122 En.
