2996 4685
858 391 1255 461 ARATEA
1311 391 2004 462 PHAENOMENA.

458 511 786 580 Imbuerit
824 511 1113 581 tremulo
1141 511 1473 581 Tartessia
1514 526 1700 607 terga
1748 514 2026 608 rubore,

460 622 726 691 Cressia
764 644 963 716 quam
1008 621 1310 691 flammas
1350 623 1527 692 inter
1563 623 1928 717 primordia
1970 627 2188 696 noctis

452 731 677 824 Major
718 745 905 826 agat,
932 731 1290 828 vultusque
1326 757 1549 802 sacros
1586 733 1893 802 ostendat
1932 733 2244 831 Olympo.
2437 761 2508 796 ¹³0

462 839 587 911 Illa
622 841 779 912 licet
824 868 1032 939 parvo
1062 845 1282 937 jaceat
1306 847 1605 913 Temone
1649 868 1768 937 per
1809 843 2121 931 aethram,

463 953 709 1022 Verior
738 954 809 1021 in
839 952 1040 1023 fidem
1069 967 1289 1022 tamen
1328 968 1428 1022 est
1456 953 1888 1022 currentibus
1919 978 2170 1047 aequor.

464 1062 754 1133 Cardine
792 1088 947 1133 nam
986 1077 1169 1132 certo
1210 1065 1662 1150 convertitur3
1689 1063 1888 1150 huic,
1919 1089 2108 1132 mora
2149 1063 2386 1160 longos

468 1174 669 1269 Pigra
697 1189 879 1244 tenet
906 1199 1104 1270 gyros
1123 1228 1143 1261 ,
1169 1200 1350 1269 quae,
1380 1199 1502 1244 ceu
1538 1189 1905 1262 remorata,
1942 1200 2305 1271 parumper

466 1283 805 1374 Flectitur,
836 1311 915 1354 ac
952 1285 1148 1354 tardo
1179 1285 1445 1355 cohibet
1482 1286 1906 1355 cunctamina
1945 1284 2169 1381 lapsu3
2435 1310 2510 1350 ηε

466 1394 591 1464 Sed
634 1397 793 1491 quia
832 1395 1128 1466 Sidoniis
1166 1395 1304 1464 dux
1340 1412 1439 1466 est
1481 1399 1834 1491 Cynosura
1877 1398 2150 1484 carinis,

466 1506 738 1576 Rectior
773 1506 1036 1577 undoso
1074 1531 1309 1576 cursus
1352 1507 1649 1578 sulcatur
1691 1509 1760 1576 in
1799 1522 1980 1577 aestu.

2365 393 2503 480 543
2551 421 2556 428 ·

1280 1700 1592 1746 DRACO.

561 1839 747 1905 luter
777 1852 1131 1932 utramque
1171 1839 1417 1908 dehinc
1453 1836 1758 1933 praeclari
1797 1839 2086 1906 nominis
2113 1843 2402 1927 Arcton,

467 1949 610 2016 Ceu
642 1947 1072 2018 circumflexo
1110 1949 1467 2018 sinuantur
1509 1948 1786 2017 flumina
1834 1948 2060 2042 lapsu,
2441 1975 2517 2026 139

466 2051 841 2150 Squameus
855 2082 1095 2154 agmen
1110 2083 1315 2154 agens
1340 2061 1573 2128 Draco
1589 2057 1900 2144 volvitur,
1914 2073 2114 2153 atque
2127 2059 2272 2128 obit
2284 2061 2514 2130 ambas

467 2169 814 2262 Spirarum
842 2170 1063 2238 curvis
1091 2169 1524 2239 anfractibus,
1556 2172 1757 2238 Hunc
1788 2193 2059 2263 quoque
2087 2169 2204 2238 ubi
2241 2186 2427 2240 artus

466 2279 771 2376 Longius
808 2279 1096 2350 effusum
1134 2283 1421 2377 spatiosa
1459 2278 1805 2351 volumina
1842 2278 2164 2367 tendunt,

470 2388 777 2486 Compta'
796 2394 1154 2489 Lycaoniis
1193 2393 1550 2465 includunt
1589 2392 1897 2463 Plaustra
1932 2392 2217 2463 choreis.

472 2502 627 2591 Qua
664 2518 870 2599 caput
912 2518 1013 2573 est
1046 2503 1345 2593 Helices,
1374 2504 1670 2574 fundunt
1716 2528 1856 2573 sese
1890 2503 2131 2573 ultima
2162 2505 2445 2573 monstri

467 2613 793 2709 Agmina,
826 2629 894 2684 et
933 2616 1060 2685 hac
1094 2613 1239 2685 caeli
1273 2616 1386 2684 vix
1422 2615 1636 2684 cauda
1683 2615 1752 2682 in
1792 2628 1982 2708 parte
2019 2614 2319 2708 quiescit.
2449 2632 2522 2676 1⁴⁵

470 2723 701 2794 Altera
733 2750 866 2821 qua
906 2726 1099 2821 spirae
1136 2725 1321 2794 sinus
1364 2734 1506 2811 est,
1546 2722 1830 2793 sublime
1873 2724 2139 2817 reponit

473 2836 799 2924 Verticis,
826 2850 893 2905 et
926 2860 1132 2905 curvo
1167 2858 1291 2904 ceu
1328 2832 1768 2905 circumclusa
1803 2835 2146 2917 Dracone,

382 3057 599 3108 Titanius
633 3060 747 3109 orbe
791 3060 1025 3110 Imbuen‘e
1066 3058 1265 3109 mulo
1318 3058 1408 3107 Ta·
1494 3082 1566 3093 -—
1601 3056 1750 3120 Quoe,
1805 3068 1894 3100 ceu
1938 3060 2185 3100 remorata
2198 3086 2216 3108 ,
2259 3067 2528 3117 parumper

379 3136 556 3187 rtessn‘a
592 3150 733 3207 terga
768 3140 958 3189 rubore.
986 3136 1167 3207 Vulgo
1195 3154 1209 3188 :
1247 3160 1270 3182 ι
1304 3132 1409 3186 Im-
1496 3132 1739 3184 Flectitur.
1759 3129 1942 3201 Vulgo
1959 3128 2074 3181 sine
2091 3144 2278 3181 sensu:
2300 3154 2325 3173 -
2338 3146 2531 3199 neque,

377 3215 494 3269 huit
532 3228 584 3269 et
608 3215 841 3269 tremulo
870 3216 1115 3270 Tartesia
1142 3227 1289 3287 terga
1321 3232 1409 3267 ru·
1498 3230 1598 3265 ceu
1618 3208 1819 3263 mollita
1840 3246 1856 3273 ‚
1880 3226 2169 3282 parumper
2185 3207 2229 3259 F
2231 3208 2501 3261 lenitum.

378 3294 508 3350 bore
534 3323 581 3349 ιι.
616 3298 834 3349 manius
870 3294 1071 3349 dicitur
1098 3316 1199 3369 pro
1231 3298 1372 3348 Titan
1389 3334 1403 3354 ‚

380 3386 441 3429 ut
468 3380 712 3429 Bacchius
745 3376 995 3447 (Βάκχιος)
1026 3376 1171 3447 apud
1204 3374 1410 3447 Euripi·

381 3453 503 3509 dem
522 3494 539 3520 ,
579 3459 847 3508 Mavortius
874 3454 1019 3529 apud
1060 3455 1371 3509 Petronium
1392 3495 1408 3519 ,

380 3552 481 3605 pro
530 3538 758 3587 Bacchus
815 3547 869 3587 et
923 3540 1139 3587 Mavors.
1215 3532 1411 3589 Confer

382 3614 672 3681 Nostrum,
710 3614 972 3688 Descript.
992 3616 1140 3669 orb.
1181 3634 1257 3669 vs.
1285 3618 1373 3668 62.

461 3711 582 3763 129.
624 3697 819 3749 Cressia
846 3714 997 3763 quam
1010 3698 1267 3761 flammas.
1286 3692 1417 3746 vul-

382 3791 453 3843 go
476 3790 491 3827 ε
502 3776 809 3845 flammans.

1579 3292 1694 3345 136.
1736 3294 1836 3342 Sed
1878 3291 1999 3357 quia
2027 3289 2259 3340 Sidoniis.
2301 3287 2482 3359 Vulgo
2509 3306 2523 3339 τ

1501 3397 1524 3419 ι
1553 3372 1799 3443 Denique
1824 3366 2054 3423 Sidoniis
2077 3390 2114 3419 ι.

1579 3452 1692 3505 138.
1736 3454 1878 3501 Inter
1910 3462 2168 3515 utramque
2194 3446 2374 3497 dehinc
2395 3464 2524 3514 prar-

1501 3532 1628 3583 clari
1659 3529 1870 3580 nominis
1913 3532 2122 3579 Arcton.
2170 3522 2312 3577 Edit.
2354 3522 2530 3579 Aldin.

1503 3610 1714 3665 vitiose:
1732 3634 1757 3653 -
1777 3627 1876 3680 pro
1904 3605 2034 3660 clari
2049 3604 2280 3657 nominis
2299 3606 2464 3659 Arcto
2483 3630 2530 3658 ι.

1582 3695 1698 3753 141.
1718 3693 1861 3739 Hunc
1885 3705 2107 3755 quoque,
2124 3688 2210 3736 ube·
2226 3699 2384 3739 arms.
2405 3684 2538 3737 vul.

1506 3787 1578 3843 go
1603 3787 1618 3821 ι
1671 3794 1698 3813 ιι
1725 3766 1870 3821 hunc
1910 3783 2154 3839 quoque,
2197 3776 2257 3816 ut
2309 3775 2456 3817 artus
2483 3790 2531 3818 ιι.

462 3852 577 3907 131.
620 3856 723 3906 111a
766 3856 879 3907 licet
897 3874 1057 3924 parvo
1084 3856 1277 3923 jaceat.
1305 3852 1416 3906 Sub

384 3936 475 3985 illa
498 3932 809 4003 intelligitur
824 3934 1118 4007 Cynosura.

465 4012 585 4066 133.
641 4016 764 4063 Huic
780 4051 796 4073 ,
850 4031 991 4067 mom
1042 4017 1222 4082 longos
1272 4014 1420 4080 Pigra

387 4106 521 4144 cenet
559 4112 729 4162 gyros.
780 4095 903 4145 Huic
942 4103 1145 4165 spectat
1179 4090 1417 4145 Helicen.

386 4171 631 4225 Restituit
655 4174 768 4224 huic
794 4172 942 4227 Grot.
970 4190 1071 4245 pro
1096 4170 1241 4244 vulg.
1267 4174 1417 4224 haud.

1507 3848 1700 3904 Nescio
1765 3866 1833 3901 nn
1869 3888 1876 3897 .
1901 3858 2043 3900 recte
2088 3843 2418 3899 Schrader-us
2466 3845 2534 3899 ad

1508 3930 1698 3983 Avien.
1733 3927 1934 3999 Perieg.
1966 3933 2068 3996 ⁴¹7
2095 3923 2460 3989 contenderit,
2485 3940 2541 3976 ut

1510 4008 1698 4080 saepius
1717 4008 1785 4060 ab
1803 4006 2008 4059 Avieno
2030 4004 2159 4076 poni
2177 4021 2278 4075 pro
2291 4006 2392 4063 ubi.-
2410 4020 2536 4055 nam
2567 4004 2572 4017 '

1509 4088 1810 4160 exemplum
1845 4088 1915 4140 ab
1957 4105 2020 4139 eo
2065 4083 2330 4148 adlatum,
2369 4100 2540 4153 quum

1509 4170 1578 4225 sit
1605 4168 1760 4223 lectio
1787 4166 1946 4220 dubia
1963 4204 1979 4229 ‚
2009 4164 2084 4218 nil
2103 4162 2312 4237 probat.
