2996 4685
732 339 1340 409 DESCRIPTIO
1404 335 1702 406 ORBIS
1765 332 2142 402 TERRAE.

475 465 734 560 Erigit:
768 465 884 534 hic
925 462 1137 533 celeri¹
1162 460 1523 556 Cephissus
1561 457 1851 546 volvitur
1893 455 2108 524 unda:
2159 447 2180 480 ¹·

2365 353 2503 423 217

2431 478 2512 514 600

476 577 604 644 Hic
638 573 977 669 quondam
1021 572 1283 666 Python
1322 584 1696 639 transactus
1730 565 2060 637 arundine
2099 564 2423 648 membra,

480 685 845 780 Sanguinis
888 699 955 753 et
998 707 1223 752 cassus
1260 675 1528 774 prolixa'
1563 677 1898 747 volumina
1951 674 2168 744 solvit.

481 794 632 867 Illic
668 820 839 891 saepe
881 798 1103 864 Deum
1142 792 1610 886 conspeximus
1651 786 2096 872 adridentem,

478 908 663 974 Inter
702 906 1097 976 turicremas
1138 903 1252 972 hic
1290 901 1618 972 Phoebum
1663 897 1954 968 vidimus
1989 919 2162 964 aras.

576 1111 777 1178 Nunc
828 1123 905 1177 ut
944 1133 1225 1203 quaeque
1266 1132 1437 1202 vago
1482 1105 1850 1175 surrexerit
1887 1099 2104 1172 insula
2142 1113 2388 1194 ponto,
2438 1123 2516 1160 ⁶0⁵

484 1219 742 1290 Ordine
785 1243 920 1312 quo
962 1220 1265 1288 steterint
1302 1217 1539 1312 pelago
1575 1213 1967 1285 circumflua
2003 1237 2196 1294 saxa,

485 1331 877 1426 Expediam.
914 1331 1187 1426 Cymbae
1224 1329 1510 1399 ducatur
1550 1351 1787 1398 cursus
1821 1325 1906 1394 ab
1943 1325 2118 1396 unda

459 1537 580 1586 600.
630 1537 879 1601 cephissus
930 1537 1150 1588 volvitur.
1190 1534 1413 1588 Varini-e

389 1613 604 1666 Graecos
624 1614 680 1666 in
702 1615 965 1686 scriptura
982 1615 1141 1686 hujus
1166 1614 1413 1681 nominis,

390 1705 573 1747 monet
614 1693 793 1747 Heins-
833 1694 902 1746 ad
938 1693 1096 1747 Ovid.
1130 1695 1259 1747 Met.
1297 1694 1413 1760 111,

394 1773 513 1836 343.
541 1773 616 1826 De
632 1773 795 1826 fluvio
812 1775 928 1846 ipso
940 1774 1163 1826 Palmer.
1188 1773 1279 1826 Gr.
1298 1784 1409 1825 ant.

392 1869 448 1920 p.
474 1853 592 1904 682.
620 1852 783 1904 Scan.
808 1885 879 1894 —
908 1856 1165 1920 CephysIus
1189 1855 1419 1904 evolvitur

393 1931 531 1982 Ven.
554 1929 712 2001 Cusp.
734 1943 919 1983 contra
939 1945 1183 1985 metrum.
1208 1930 1343 1982 Pith.
1366 1942 1417 1984 et

394 2010 583 2080 reliqui
609 2015 858 2079 Cephissus
876 2009 1125 2064 volvimr.‘

468 2093 589 2143 601.
627 2094 843 2156 mython
892 2092 1055 2163 Cusp.
1094 2104 1146 2144 et
1182 2088 1323 2143 vad.
1348 2121 1419 2129 —

403 2174 700 2221 Tratesaeeus
716 2175 980 2223 arundine.
1004 2175 1203 2222 Traetm
1230 2172 1291 2222 Α.
1320 2189 1419 2222 un-

396 2247 465 2300 de
498 2252 720 2317 vajeeeus
759 2250 875 2303 fleri
913 2263 1101 2323 potest.
1145 2249 1249 2304 Sed
1286 2249 1420 2302 nihil
1463 2262 1469 2273 “

396 2329 731 2383 mutandum.
756 2331 955 2385 Lucan.
974 2332 1079 2391 lx.
1098 2332 1197 2397 8211
1218 2350 1231 2383 :
1259 2358 1283 2376 ι-
1298 2331 1419 2385 Per-

398 2426 501 2478 que
522 2423 684 2481 caput
697 2410 887 2477 Paulli,
904 2423 1273 2482 transactaque
1292 2425 1421 2463 tem-

398 2506 531 2559 pora
552 2488 684 2559 sugit
700 2508 753 2555 -3
773 2510 819 2545 v-
836 2492 969 2545 828:
1003 2517 1025 2537 ι
1039 2490 1184 2556 Quid
1202 2490 1422 2563 prodest

402 2567 578 2620 miseri
636 2569 916 2623 Basiliscus
976 2571 1197 2643 cuspide
1250 2571 1421 2623 Murri

400 2646 727 2701 Transactus
757 2674 802 2703 ι.
834 2651 915 2703 Cf.
946 2652 1061 2715 111,
1104 2650 1221 2703 586.
1248 2654 1419 2703 Pithon

370 2794 382 2803 ἢ
400 2746 591 2797 genere
625 2730 849 2783 mascul.
879 2730 1023 2803 apud
1048 2732 1231 2787 senec.
1260 2732 1420 2783 Herc.

402 2806 537 2859 OEt.
564 2826 661 2875 92,
688 2807 911 2877 Medea,
946 2830 1083 2881 700,
1120 2810 1279 2865 Herc.
1314 2812 1417 2863 fur.

404 2886 537 2952 4553
588 2888 789 2941 Lucan.
829 2890 898 2954 V,
936 2910 1005 2961 79
1022 2932 1037 2957 ‚
1090 2889 1254 2956 VIII,
1308 2892 1422 2955 148.

404 2967 546 3019 Alias
566 2970 750 3036 anguis
768 2970 1025 3024 feminino
1048 2990 1187 3043 saepe
1207 2988 1425 3041 usurpa-

404 3058 507 3111 tur,
536 3060 597 3100 ut
621 3046 777 3103 docet
796 3050 971 3104 Heins.
994 3050 1063 3103 ad
1096 3049 1255 3104 ovid.
1296 3050 1423 3104 Met.

406 3126 503 3191 IV,
525 3134 645 3195 494.
668 3127 832 3183 Soun-

476 3211 599 3261 602.
620 3212 887 3277 Sanguinis
906 3226 952 3261 et
977 3231 1097 3261 casu
1112 3212 1317 3279 prolixa
1338 3228 1423 3263 so·

406 3284 489 3339 lus
508 3287 645 3340 vad.
668 3286 845 3342 habet.

377 3412 381 3417 .
479 3367 600 3420 603.
639 3370 729 3419 uie
756 3383 806 3418 et
838 3388 935 3439 pro
970 3369 1080 3421 ulii:
1118 3372 1321 3424 notavit
1349 3372 1427 3423 vir

409 3446 598 3499 doctus
619 3447 671 3499 in
693 3465 857 3519 marg.
877 3448 1077 3519 Trogn.
1098 3449 1203 3503 Sed
1237 3462 1288 3502 et
1313 3450 1429 3503 aliis

410 3526 537 3579 locis
552 3529 654 3579 illie
671 3539 722 3579 et
750 3530 828 3578 laic
846 3529 1154 3581 continuare
1175 3529 1432 3594 Avienus,

411 3606 495 3657 vel
522 3605 824 3677 promiscue
852 3626 1053 3679 ponere
1075 3608 1227 3661 solet.
1268 3610 1427 3663 conf.

412 3704 488 3737 vs.
516 3688 617 3755 478
640 3705 747 3759 seq.
771 3688 1035 3741 Caeterum
1063 3686 1433 3742 videtui-Avie-

411 3782 511 3815 nus
538 3764 681 3819 hunc
702 3784 913 3821 versum
932 3766 1003 3821 ad
1018 3767 1435 3822 formulamVir-

412 3843 523 3913 gilii
543 3846 901 3917 composuisse
915 3886 931 3910 ,
950 3846 1065 3899 Ecl.
1085 3848 1111 3900 1
1128 3886 1143 3910 ‚
1167 3848 1231 3912 43
1255 3865 1269 3899 :
1295 3874 1319 3893 α
1334 3848 1436 3901 Hic

410 3921 563 3975 illum
585 3924 693 3976 vidi
710 3927 959 3995 juvenem
976 3968 993 3993 ,
1008 3928 1267 3991 Meliboee,
1283 3941 1435 4000 quot-

414 4000 565 4054 annis
590 4002 677 4077 Bis
700 4024 853 4060 senos
884 4008 969 4061 cui
1004 4020 1181 4063 nostra
1215 4007 1327 4062 dies
1354 4009 1432 4061 al-

414 4080 548 4136 taria
567 4082 772 4137 sumant
786 4112 829 4137 ω.

1572 1533 1690 1593 604.
1710 1537 1847 1581 Inter
1869 1532 2153 1580 turicremas
2172 1533 2252 1582 1110
2269 1533 2518 1585 ΡΙιωόωη.

1497 1611 1654 1664 Clare
1678 1609 1793 1662 haec
1821 1627 2116 1682 synonyma
2139 1608 2332 1663 docent
2357 1610 2524 1664 ethni-

1496 1709 1620 1744 cum
1651 1689 1813 1744 fuisse
1837 1689 2125 1755 Avienum,
2152 1689 2286 1742 forte
2313 1691 2522 1745 Macro·

1496 1769 1570 1823 bii
1613 1768 1859 1822 amicum.
1913 1769 2160 1822 Senam.
2199 1801 2270 1810 --
2313 1771 2523 1824 Macro-

1498 1849 1572 1902 bii
1622 1849 1792 1902 amico
1849 1849 2198 1920 antiquiorem
2259 1870 2370 1904 esse
2415 1854 2522 1904 No-

1500 1943 1668 1982 strum
1685 1967 1700 1990 ,
1737 1927 1962 1982 ostendo
2009 1929 2064 1981 in
2116 1929 2341 1984 Prooem.
2403 1931 2524 1984 Non

1505 2008 1676 2061 solum
1711 2006 1982 2060 ethnicum
2013 2027 2071 2062 se
2095 2009 2199 2062 hoc
2225 2011 2342 2062 loco
2367 2011 2526 2080 profi-

1502 2087 1756 2154 tetur,sed
1773 2099 1823 2140 et
1834 2101 2222 2142 commoratum
2239 2088 2530 2160 aliquando

1503 2169 1558 2222 in
1585 2169 1815 2235 Gracia,
1839 2183 1892 2222 et
1917 2169 2134 2242 quidem
2161 2189 2226 2223 eo
2255 2181 2492 2243 tempore
2510 2209 2525 2234 ,

1503 2267 1612 2320 quo
1646 2249 1888 2302 nondum
1918 2269 2094 2304 eversa
2125 2251 2358 2304 Deorum
2397 2263 2530 2302 tem-

1504 2330 1592 2394 pla
1635 2342 1782 2383 erant
1799 2372 1815 2397 ,
1835 2329 1940 2383 hoc
1975 2342 2049 2385 est
2065 2373 2080 2397 ‚
2099 2344 2220 2384 ante
2242 2332 2290 2383 Τ
2291 2330 2528 2385 heodosii

1503 2420 1772 2483 tempora,
1798 2423 1857 2463 ut
1883 2412 1976 2482 qui
2004 2431 2058 2465 se
2077 2411 2373 2483 Apollinem
2407 2412 2526 2463 nel·

1504 2490 1726 2563 phicum
1763 2490 1901 2545 inter
1927 2510 2045 2545 aras
2072 2504 2385 2545 veneratum
2419 2512 2530 2546 esse

1503 2572 1785 2643 significet.
1800 2570 1884 2623 Ad
1901 2575 2186 2623 turicremas
2207 2592 2326 2623 aras
2347 2574 2532 2625 confer

1507 2669 1560 2703 v.
1599 2650 1702 2720 519
1732 2664 1783 2704 et
1821 2652 1956 2705 802:
1997 2653 2218 2707 «Icaros
2266 2652 2532 2722 ignicomo

1506 2728 1614 2782 Soli
1639 2748 1780 2781 sacra
1799 2766 1816 2793 ,
1840 2749 2069 2801 namque
2093 2730 2262 2783 sabaei
2281 2731 2433 2783 Turis
2455 2732 2530 2784 ibi

1508 2826 1716 2879 semper
1753 2828 1886 2881 vaga
1939 2811 2146 2863 fumum
2197 2812 2384 2865 nubila
2423 2813 2532 2864 vol-

1507 2898 1643 2941 vunt
1661 2914 1704 2938 ι.
1725 2889 1826 2943 W.

1580 2969 1699 3023 605.
1737 2974 1883 3021 Nunc
1913 2984 1965 3020 ue
2000 2991 2226 3038 quoeque.
2259 2976 2407 3023 Nunc
2433 2993 2535 3040 age

1521 3090 1534 3103 .
1554 3090 1568 3103 .
1591 3088 1602 3100 .
1629 3052 1890 3119 expediam
1933 3050 2163 3103 formula
2211 3050 2535 3104 transitionis

1509 3143 1616 3195 est,
1658 3130 1822 3201 poetis
1867 3132 2130 3199 frequens.
2172 3132 2310 3186 Vide
2347 3132 2533 3203 virgil.

1509 3210 1700 3282 Georg.
1749 3210 1850 3273 IV,
1905 3209 2002 3263 150
2023 3250 2036 3275 ,
2082 3214 2204 3264 AEn.
2250 3214 2361 3276 vt,
2407 3212 2537 3282 759,

1512 3289 1622 3341 VII
1642 3328 1658 3351 ,
1703 3297 1798 3357 40,
1848 3290 1954 3355 xl,
2001 3292 2138 3355 315;
2177 3293 2389 3344 Lucret.
2430 3293 2538 3357 vl,

1519 3370 1667 3439 1087.
1686 3368 1854 3423 Scan.
1876 3370 1944 3421 Et
1961 3370 2126 3421 verbo
2151 3376 2414 3439 expediam
2435 3372 2538 3425 hoc

1513 3448 1677 3503 modo
1740 3449 1926 3519 saepius
1979 3449 2148 3503 utitur
2209 3452 2416 3518 Noster,
2479 3465 2538 3506 ut

1513 3550 1566 3583 v.
1598 3528 1730 3596 359,
1757 3529 1914 3583 1331.
1947 3530 2062 3585 W).
2191 3572 2200 3579 .

1585 3613 1707 3681 607.
1758 3614 1948 3675 &mboe
2002 3617 2211 3667 ducam!-
2259 3634 2426 3665 cursus
2479 3618 2542 3665 ab

1520 3695 1670 3743 unda.
1697 3694 1775 3743 Ab
1797 3696 1936 3743 unda
1952 3693 2088 3746 Ven.
2111 3695 2296 3747 Ambr.
2311 3707 2363 3747 et
2384 3695 2452 3747 V.
2473 3699 2548 3745 ad

1519 3774 1708 3821 undam
1733 3770 1868 3823 Pith.
1896 3771 2001 3824 Sed
2029 3772 2132 3826 1100
2157 3785 2235 3827 est
2261 3792 2388 3828 sana
2424 3794 2543 3827 cor·

1521 3868 1786 3921 rumpere.
1825 3852 2036 3925 Ubique
2077 3856 2185 3907 sere
2227 3855 2539 3927 Dionysius,

1523 3944 1574 3983 et
1600 3931 1920 4003 Dionysium
1949 3948 2204 4004 sequutus
2222 3936 2456 3987 Avienus
2475 3936 2542 3987 ab

1523 4008 1816 4079 Occidente
1845 4011 2060 4083 incipit,
2087 4025 2143 4065 ut
2165 4034 2218 4067 v.
2247 4016 2379 4085 472':
2407 4014 2544 4065 «Hic

1521 4108 1732 4145 rursum
1755 4090 1993 4145 occiduis
2013 4093 2279 4167 Europam
2302 4094 2456 4147 fabor
2475 4093 2545 4145 ab
