2996 4685
716 375 842 448 ET
905 375 1715 449 INTERPRETIBUS
1775 373 2151 450 AVIENI.
2399 368 2493 446 63

469 503 770 576 editionis
785 506 1087 593 Ant-req).
1109 503 1284 592 qiud
1305 505 1782 595 Τιόςῠβθὸᾗηω,
1814 503 2015 585 1608.
2036 519 2277 582 notatae
2290 552 2312 584 .
2332 520 2497 593 quas

466 610 522 678 J.
564 611 646 678 Η.
667 608 956 699 Hoeff,
995 599 1093 685 vir
1133 607 1466 692 eruditus,
1513 608 1849 698 demipsit
1867 658 1886 691 ,
1935 625 2130 698 atque
2168 633 2304 688 una
2345 633 2497 686 cum

469 716 910 804 superioribus
939 717 1020 781 ad
1055 739 1159 780 me
1187 717 1361 781 misit
1387 719 1576 782 Laur.
1605 717 1967 782 Santenius.
2000 715 2304 796 Dubigavi
2332 716 2499 796 ,sub-

469 820 656 902 inde,
710 797 794 886 an
857 845 1084 888 omnes
1147 839 1363 888 essent
1413 821 1790 905 Schraderi3
1846 823 2049 887 immo
2102 819 2499 910 procedente

467 949 663 1014 opera
699 927 1053 1018 intelligere
1081 912 1245 994 inihi
1280 929 1455 993 visus
1488 951 1633 992 sum
1650 976 1670 1011 ,
1698 949 1837 992 esse
1874 949 1978 992 eas
1994 975 2013 1009 ,
2054 943 2237 992 certe.
2258 929 2499 1016 pleras-

455 1055 632 1122 que,
661 1029 959 1103 Wiamofii
974 1083 992 1115 ‚
1023 1032 1447 1106 a·sohmdero
1479 1048 1801 1115 enotata-53
1836 1032 2083 1121 ‚quippe
2115 1054 2251 1106 non
2286 1032 2497 1109 solum

463 1139 602 1226 ipse
626 1141 844 1228 plures
881 1144 938 1204 ei
965 1141 1195 1205 tribuit
1224 1141 1292 1205 in
1322 1141 1490 1205 notis
1508 1187 1527 1222 ,
1558 1139 1675 1205 sed
1699 1142 1890 1204 etiam
1924 1141 1993 1202 in
2016 1140 2391 1228 praefatione
2415 1139 2497 1204 ad

465 1243 738 1308 Emend.
773 1268 838 1332 p.
870 1243 983 1326 56,-
1018 1244 1380 1335 profitetur,
1407 1245 1711 1310 habuisse
1741 1267 1810 1308 se
1832 1243 2129 1310 withofii
2161 1245 2501 1310 correctio-

466 1371 580 1412 nes
611 1351 678 1413 in
712 1373 824 1415 ora
855 1351 1038 1432 libri,
1078 1353 1190 1440 qui
1223 1374 1375 1416 cum
1409 1351 1706 1440 plurimis
1738 1351 1875 1416 aliis
1906 1349 1986 1414 ad
2018 1373 2087 1414 se
2112 1351 2496 1438 pervenerit.

463 1453 532 1518 3ο
555 1455 756 1544 Apud
773 1458 970 1522 Fries.
996 1481 1156 1547 quas
1193 1459 1274 1522 Η.
1302 1458 1798 1522 Friesemannus
1826 1471 2009 1521 texto
2038 1457 2264 1521 Avieni
2308 1455 2392 1520 ab
2427 1478 2497 1521 se
2608 1446 2611 1455 ¹

460 1557 634 1624 edito
677 1561 980 1645 subjecit,
1021 1577 1088 1626 et
1122 1551 1362 1650 partim
1403 1563 1470 1626 in
1516 1562 1889 1652 praefatione
1932 1559 2014 1626 ad
2059 1584 2210 1626 eum
2254 1561 2495 1625 librum

457 1667 748 1752 protulit.
796 1671 868 1746 4⁰
897 1669 974 1732 In
1015 1684 1145 1733 not.
1187 1668 1289 1734 his
1329 1669 1577 1733 voculis
1627 1667 2079 1765 intelliguntur
2122 1683 2294 1732 notae
2333 1666 2497 1730 ube—

458 1771 662 1834 riores
679 1819 698 1851 ,
741 1795 900 1860 quas
925 1773 1507 1862 Wassenberghius
1550 1797 1587 1837 e
1634 1773 2112 1838 commentariis
2153 1771 2498 1837 Schraderi

461 1873 829 1966 descripsit,
863 1900 984 1966 ego
1015 1877 1283 1968 singulis
1301 1880 1524 1942 Avieni
1547 1879 1836 1942 versibus
1862 1877 2156 1966 adposui,
2183 1876 2267 1942 ad
2289 1899 2497 1965 usque

458 2003 518 2043 v.
549 1981 742 2063 1162,
777 1981 845 2046 in
881 2006 1013 2070 quo
1047 1982 1375 2048 deficiunt.

373 2128 436 2202 ’2.
471 2131 796 2214 θεοηονίἰ,
839 2158 984 2222 quoe
1016 2151 1284 2224 repertae
1323 2143 1480 2201 sunt'
1520 2138 1587 2202 in
1636 2137 1923 2228 margine
1964 2137 2185 2212 Avieni
2227 2160 2306 2202 ex
2342 2135 2495 2205 edit.

459 2240 659 2304 Paris,
697 2240 968 2322 Pithoni,
1012 2264 1116 2304 an.
1158 2240 1358 2328 1590,
1413 2242 1590 2324 itu-8,
1634 2265 1777 2332 quae
1818 2243 1948 2316 ftu't
1994 2244 2063 2310 in
2108 2243 2497 2313 bibliotheca

459 2346 809 2429 Gronovii3
858 2346 1092 2425 cujus?
1123 2370 1275 2411 -uon
1321 2362 1729 2437 compertum
1782 2365 1880 2413 est
1930 2350 2113 2414 mihi.
2168 2350 2497 2437 Pleraeque

455 2466 612 2516 sunt
636 2449 848 2517 ductae
869 2469 934 2516 et
957 2465 1192 2526 notatae
1215 2476 1290 2516 ex
1314 2454 1450 2517 aliis
1474 2453 1919 2549 scriptoribus,
1938 2455 2182 2530 Barthii
2201 2454 2495 2551 Ablcgm.

453 2573 521 2621 et
547 2556 814 2631 Advers.
837 2556 1144 2635 Salmasio
1161 2558 1259 2631 ad
1293 2558 1424 2635 Sol.
1467 2560 1669 2648 Opitii
1694 2562 2034 2637 Lect.Var.

369 2700 432 2765 3.
461 2702 646 2767 Font.
675 2702 847 2767 Petri
883 2704 1212 2771 Fonteinii
1245 2706 1492 2794 aliquot
1516 2704 2009 2784 adnotationes,
2044 2731 2204 2796 quas
2231 2708 2491 2775 'Friese-

459 2820 736 2872 man'nus
762 2810 1060 2899 privatim
1089 2831 1309 2876 secum
1343 2812 1847 2877 communicatas
1872 2812 1942 2876 in
1973 2816 2154 2902 praef.
2185 2814 2269 2877 ad
2292 2817 2488 2880 Avie-

458 2936 618 2977 num
664 2916 968 3003 protulit,
1003 2918 1238 3005 passim
1290 2918 1483 2982 etiam
1541 2916 1936 2983 Schraderus
1988 2920 2367 2986 memoravit
2417 2922 2493 2984 in
2634 2952 2637 2955 ⁴

456 3022 627 3084 notis
661 3022 814 3087 suis·

343 3146 434 3231 ’4.
467 3156 642 3224 Cam.
665 3161 697 3223 J
703 3182 766 3223 o.
789 3162 1098 3226 Camertis
1125 3162 1194 3226 in
1223 3179 1571 3227 comment.
1600 3161 1681 3227 ad
1708 3147 2017 3227 Prisciani
2040 3164 2435 3253 Periegesin.

373 3294 434 3359 5.
467 3296 620 3360 Coel.
649 3295 1192 3365 adnotatiunculae
1220 3320 1534 3391 excerptae
1566 3327 1645 3368 ex
1672 3289 1850 3368 libfis
1878 3304 2061 3401 Geelii
2086 3305 2495 3394 calcagnini,

455 3402 816 3482 subjunctae.
849 3404 1118 3470 editioni
1148 3408 1482 3498 Dionysii,
1520 3409 1707 3473 Basil.
1734 3408 1894 3488 522,
1926 3410 2091 3474 ivn-8.

369 3552 432 3619 6.
459 3552 682 3617 Barth.
714 3554 900 3641 Casp.
925 3554 1165 3618 Barthii
1193 3524 1260 3619 in
1291 3554 1687 3621 Adversariis
1716 3569 1783 3620 et
1811 3546 1881 3619 in
1904 3546 2195 3649 Ablegm.

370 3722 432 3785 7.
463 3698 661 3762 Salm.
685 3698 782 3763 Cl.
806 3698 1092 3764 Salmasii
1118 3701 1185 3763 in
1214 3666 1517 3767 Exercitt.
1545 3703 1711 3768 Plin.
1738 3703 1818 3768 ad
1844 3704 2044 3770 Solin.

369 3848 430 3911 8.
463 3846 668 3911 Helm.
704 3846 846 3912 Nic.
875 3847 1123 3913 Heinsii
1161 3848 1230 3913 in
1272 3850 1703 3934 AdversariiS,
1747 3868 1861 3916 aut
1894 3854 1962 3916 in
1998 3854 2167 3929 notis
2204 3853 2290 3918 ad
2329 3856 2484 3920 Ovi-

457 3950 657 4015 dium.

365 4116 430 4180 9.
467 4096 613 4160 Obs.
648 4099 819 4162 misc.
849 4100 1096 4162 Auctor
1118 4120 1422 4185 anonym.
1447 4099 1549 4164 vel
1576 4100 1677 4165 Fr.
1714 4099 2217 4189 Oudendorpius
2250 4101 2319 4164 in
2344 4100 2482 4164 Ob-
