2996 4685
688 416 1307 486 DESCRIPTIO
1370 416 1665 485 ORBIS
1722 414 2097 484 TERRAE.

2320 412 2450 485 133

429 542 650 613 Curva
686 538 823 609 salo
853 538 1061 607 forma
1093 553 1230 607 est:
1258 538 1416 607 hinc
1455 564 1595 607 sese
1632 563 1963 607 marmora
2002 538 2193 630 ponti

428 654 506 718 In
545 650 918 744 Zephyrum
955 664 1296 744 torquent,
1331 673 1411 716 ac
1445 648 1621 717 flexu
1658 635 1955 717 lubricus
1988 662 2167 715 errat

429 764 722 855 GurgeS‚
749 777 813 830 et
843 786 1068 829 exesas
1104 759 1404 828 illabitur
1437 758 1619 827 unda
1656 756 1945 829 lacunas.

431 872 540 940 Sie
582 874 950 941 vit-osorum
989 868 1248 965 prolixa
1286 868 1633 937 volumina
1674 882 1815 937 sese

437 980 692 1077 Sponte
721 996 1123 1051 cerastarum
1165 979 1342 1049 facili
1381 979 1505 1048 sub
1540 981 1785 1047 viscere
1810 972 2130 1061 curvanti
2394 1002 2467 1053 ης

433 1092 543 1159 Sic
583 1092 793 1185 spiras
821 1090 1056 1160 crebro
1098 1090 1322 1159 sinuat
1351 1089 1589 1175 dracO,
1615 1114 1813 1182 seque
1845 1088 1939 1157 vel
1969 1090 2129 1157 orbe

435 1200 724 1295 Colligit·
747 1200 1114 1285 inclinans,
1151 1199 1250 1267 vel
1296 1200 1527 1292 pronis
1562 1200 1828 1293 agmina
1868 1198 2064 1292 longe

432 1311 784 1381 Tractibus
824 1309 1143 1379 absolvit:
1191 1308 1427 1378 stridet
1473 1332 1707 1375 nemus
1744 1307 2037 1399 undique
2068 1322 2277 1374 totum
2300 1360 2317 1390 ,

335 1549 614 1615 docemur,
655 1550 780 1603 olim
822 1563 872 1603 et
903 1552 1148 1622 graviora
1175 1564 1229 1603 et
1255 1550 1353 1603 mi·

332 1648 463 1683 nora
491 1642 666 1683 aratra
695 1630 876 1683 fuisse.
904 1632 1072 1685 fluns.
1098 1638 1356 1683 Procerum

333 1722 566 1762 aratrum
613 1709 738 1762 satis
756 1752 770 1774 ‚
818 1710 874 1763 ni
927 1710 1086 1762 fallor
1104 1749 1119 1774 ,
1165 1710 1359 1782 probat

335 1787 488 1858 Via-g.
515 1788 712 1859 Georg.
735 1790 760 1839 1
779 1829 796 1851 ‚
830 1807 954 1858 171,
990 1790 1081 1841 ubi
1108 1788 1176 1841 de
1204 1790 1354 1842 buri:

335 1891 358 1911 ι
377 1866 514 1917 Huic
531 1887 560 1919 a
590 1867 752 1935 stirpe
777 1864 940 1936 pedes
969 1879 1109 1919 temo
1145 1880 1359 1938 proten-

337 1956 424 1995 tus
465 1944 520 1995 in
566 1956 690 1996 octo
721 1971 762 1995 »-
809 1943 1090 1996 Videndns
1128 1946 1196 1997 ad
1231 1946 1288 1997 h.
1327 1946 1360 1996 l.

337 2022 528 2093 Heynii
548 2024 616 2076 V.
635 2025 694 2077 C.
716 2036 998 2077 comment.
1028 2037 1078 2076 et
1103 2025 1158 2077 in
1185 2038 1362 2077 nostra

337 2100 462 2153 edit.
488 2102 754 2157 Excursus
773 2102 840 2155 ‹le
863 2114 1036 2155 aratro
1046 2104 1197 2173 Vin-g.
1228 2115 1266 2156 t.
1299 2104 1324 2154 Ι
1343 2144 1359 2169 ,

339 2199 454 2251 pag.
485 2181 605 2235 332.
633 2182 737 2235 En.

415 2261 528 2329 173.
569 2264 797 2312 Illabe'tur
829 2266 966 2313 unda
1011 2268 1235 2315 lacunas.
1277 2262 1359 2315 Sic

335 2338 388 2390 in
410 2338 678 2393 Phaenom.
704 2348 834 2410 7⁴0³
859 2367 884 2386 κ
901 2340 1234 2412 blandusque
1257 2340 1359 2394 ina-

337 2419 480 2469 bitnr
514 2419 708 2472 herhas
736 2421 906 2472 Sirius
926 2445 969 2472 ι».
1005 2421 1166 2474 Sena.
1193 2420 1359 2472 Aliter

337 2495 524 2549 Noster
544 2517 704 2569 supra
734 2518 783 2550 ν.
812 2519 892 2550 so.
929 2499 1028 2551 W.

413 2583 530 2644 174.
565 2581 846 2628 Virosarum
878 2593 1195 2638 cerastarum,
1226 2581 1360 2632 forte

339 2659 630 2710 virusorum.
672 2660 930 2729 Κιράστης
981 2657 1120 2710 enim
1165 2657 1360 2711 Groecis

338 2745 416 2785 est
453 2735 748 2788 masculino
787 2753 1008 2805 genere,
1046 2753 1220 2804 neque
1257 2735 1362 2788 alio

339 2807 590 2865 efferunt.
616 2813 741 2868 laid:
769 2816 926 2884 Orig.
958 2813 1066 2866 XII
1093 2853 1110 2878 ,
1140 2823 1203 2878 4:
1231 2841 1254 2859 ‹-
1271 2816 1362 2866 Est

299 2885 302 2890 ¹
339 2893 478 2944 enim
527 2891 792 2945 flexuosus
815 2919 856 2945 -.
898 2891 1180 2946 claudian.
1209 2895 1360 2964 Rapt.

337 2971 576 3043 Prosci-p.
601 2973 654 3024 11
672 3007 688 3034 ,
719 2974 822 3037 346
848 2990 862 3025 :
907 2998 929 3019 ιι
951 2971 1255 3025 Extendunt
1277 2992 1363 3025 so·

339 3051 452 3102 cios
496 3050 566 3103 ad
621 3051 810 3122 pocula
855 3053 1008 3124 plena
1063 3063 1293 3105 cerastas
1320 3079 1362 3106 n.

339 3125 476 3180 Add.
506 3130 634 3181 Stat.
651 3130 786 3180 v111
804 3170 820 3195 ‚
857 3135 987 3201 764,
1017 3143 1066 3182 et
1089 3131 1169 3182 XI
1192 3169 1208 3194 ‚
1253 3131 1319 3184 65
1346 3151 1361 3194 ;

341 3207 547 3258 Lucan.
565 3209 644 3258 IX
661 3249 678 3272 ,
707 3211 808 3278 7¹5
824 3247 840 3272 ,
863 3211 962 3274 vl,
980 3213 1084 3280 679
1103 3251 1119 3276 ,
1139 3211 1230 3262 ubi
1254 3211 1363 3264 vid.

341 3281 586 3337 Oudend.
621 3289 900 3338 virosamm
939 3301 1117 3341 autem
1155 3289 1366 3343 finxisse

271 3379 274 3384 ·
339 3362 555 3415 librarii
595 3363 871 3427 videntur,
921 3377 977 3418 ut
1005 3386 1138 3421 sono
1169 3387 1362 3422 conve·

343 3441 482 3494 niret
503 3444 744 3514 sequenti
767 3459 1079 3498 cerastarum.
1107 3444 1270 3499 Scan.

421 3523 535 3594 175.
573 3527 670 3573 Sub
709 3526 915 3576 viscere.
953 3524 1105 3577 Conf.
1145 3538 1257 3577 not.
1295 3525 1364 3578 ad
1401 3525 1406 3528 ¹

343 3621 421 3654 vs.
443 3603 528 3654 80.
557 3606 761 3653 Viscera
784 3621 882 3673 nro
909 3603 1155 3655 omnibus
1181 3623 1364 3676 eorpo-

345 3682 419 3732 ris
437 3682 706 3734 membris.
732 3682 836 3734 W.

426 3763 538 3828 176.
555 3765 718 3828 Spiras
737 3763 932 3812 crebrae
950 3759 1076 3812 citat
1095 3761 1362 3814 Drakeub.

347 3838 417 3890 ad
439 3839 611 3890 Sil.VI
630 3879 646 3904 ‚
675 3843 792 3908 276.
820 3843 995 3891 Creber
1015 3842 1220 3890 invadat
1236 3840 1364 3892 Am·

347 3919 431 3970 br.
453 3918 529 3970 sie
565 3918 690 3972 citat
727 3918 908 3972 Heius.
938 3919 1004 3971 ad
1030 3918 1220 3989 Virgil.
1241 3923 1365 3972 AEn.

348 3997 490 4064 XII,
521 3998 642 4049 862.
671 3999 831 4052 sona.

429 4095 544 4147 177.
563 4080 753 4144 Colligit
769 4076 1162 4130 inclinansNid.
1184 4077 1364 4129 Heius.

351 4154 419 4208 ad
459 4155 740 4227 Virgilium
756 4198 772 4223 ‚
810 4157 906 4212 loc.
945 4157 1032 4211 cit.
1081 4183 1106 4204 α
1123 4157 1270 4210 Alitis
1309 4158 1362 4210 in

1440 1565 1617 1619 pnrvoe
1646 1547 1878 1601 subitam
1918 1547 2135 1599 collecta
2174 1546 2399 1617 figuram
2422 1570 2467 1595 n.

1441 1629 1528 1682 Sic
1570 1640 1623 1681 et
1661 1627 1787 1680 alibi
1821 1643 1887 1680 eo
1924 1628 2091 1699 verbo
2126 1626 2290 1679 utitur
2320 1628 2469 1679 Maro

1444 1728 1540 1779 pro
1569 1712 1881 1768 contrahere,
1921 1708 1977 1759 in
2001 1706 2193 1776 Georg.
2222 1705 2278 1757 II
2297 1745 2313 1772 ,
2338 1705 2465 1765 154:

1443 1813 1469 1832 ‹-
1491 1806 1668 1858 neque
1706 1798 1851 1839 tanto
1891 1785 2187 1856 Squameus
2219 1785 2274 1835 in
2304 1783 2471 1854 spiras

1447 1876 1617 1917 tractu
1641 1884 1695 1917 se
1717 1865 1917 1935 colligit
1940 1864 2129 1935 unguis
2150 1889 2195 1915 ι.
2230 1862 2312 1914 lbi
2336 1862 2473 1912 latis-

1447 1946 1581 1997 sime
1597 1944 1868 1997 Heinsius:
1896 1944 1987 1997 sed
2008 1956 2061 1996 et
2077 1943 2241 1995 aliena
2264 1941 2471 2003 miscet,

1449 2036 1512 2077 ut
1538 2024 1654 2076 Silii
1674 2022 1725 2075 X
1744 2064 1758 2087 ,
1798 2024 1829 2075 3
1854 2039 1869 2076 :
1906 2048 1928 2069 ιι
1944 2022 2129 2077 Adsilit
2157 2022 2213 2072 'm
2242 2021 2439 2073 ferrum
2456 2056 2472 2081 ,

1447 2114 1498 2155 et
1520 2121 1618 2174 per
1638 2103 1855 2155 vulnera
1876 2101 2077 2172 colligit
2093 2100 2299 2153 hostem
2312 2124 2359 2161 n,
2373 2098 2471 2169 leg.

1446 2200 1573 2235 vero
1586 2194 1661 2235 est
1680 2185 1887 2250 corripit.
1905 2182 2117 2235 Mecum
2134 2181 2308 2233 facere
2317 2178 2472 2231 video

1447 2262 1633 2314 Μαι-Η.
1667 2260 1735 2313 ad
1764 2262 1891 2315 Stat.
1926 2261 1996 2324 V,
2033 2261 2180 2332 praef.
2200 2279 2249 2329 p.
2276 2258 2393 2311 238.
2420 2274 2467 2307 a.

1443 2341 1496 2396 S.
1522 2342 1599 2394 De
1622 2340 1735 2393 Silii
1754 2339 1873 2393 loco
1898 2361 2005 2392 nou
2029 2337 2285 2392 adsentio.
2296 2338 2473 2394 W.—

1445 2419 1651 2490 Higtius
1678 2419 1955 2490 distinguit
1986 2446 2037 2474 α.
2054 2460 2066 2473 .
2081 2418 2367 2472 Audimus
2388 2415 2475 2468 vel

1443 2499 1625 2572 pronis
1641 2499 1853 2569 agmina
1865 2499 2023 2570 longe
2037 2521 2091 2563 ις
2112 2497 2204 2550 sed
2222 2499 2469 2550 inclinum

1444 2578 1545 2632 hac
1580 2579 1635 2630 in
1670 2579 1932 2632 sententia
1966 2577 2292 2649 superfluum
2326 2573 2469 2628 vide-

1443 2669 1555 2719 tur,
1598 2659 1723 2729 quia
1761 2661 1933 2727 pronis
1978 2659 2235 2728 sequitur.
2273 2657 2471 2710 Forsan

1445 2741 1657 2804 agmina
1682 2741 1836 2805 longa
1862 2740 2003 2808 conj.
2030 2735 2195 2788 Huds.

1525 2816 1643 2882 178.
1699 2818 1949 2870 Troe-tibus
2001 2817 2219 2867 absolvit.
2266 2813 2471 2885 Higtius

1447 2893 1767 2964 distinguit:
1816 2918 1838 2939 ιι
1871 2893 2126 2946 inclinans
2168 2893 2252 2946 vel
2290 2893 2473 2963 pronis

1447 2975 1661 3045 agmina
1688 2976 1843 3047 longe
1869 2975 2153 3030 'tractibus
2176 2974 2405 3028 absolvit
2425 2999 2471 3025 n.

1447 3054 1529 3106 An
1568 3058 1821 3106 exsolvit?
1858 3055 2089 3125 Simplex
2123 3066 2203 3108 est
2234 3072 2288 3106 v.
2327 3057 2431 3105 602
2455 3088 2472 3113 ,

1449 3133 1539 3184 ubi
1571 3133 1637 3186 de
1654 3134 1913 3187 Pithone:
1940 3160 1963 3180 ι
1984 3133 2265 3204 Sanguinis
2288 3143 2335 3184 et
2364 3149 2475 3184 cas-

1449 3231 1538 3264 sus
1560 3212 1765 3285 prolixa
1794 3211 2065 3266 volumina
2088 3211 2297 3264 solvit».
2318 3211 2468 3280 Virg.

1447 3291 1641 3362 Georg.
1662 3293 1748 3343 111
1765 3333 1781 3358 ‚
1809 3312 1862 3344 v.
1881 3293 1983 3355 423
2005 3309 2020 3342 ε
2065 3291 2282 3355 uQuum
2308 3287 2473 3340 medii

1449 3389 1643 3436 nexus,
1668 3384 2025 3440 extremaque
2046 3369 2261 3438 agmina
2285 3365 2469 3420 cauda

1449 3449 1741 3502 Solvuntur
1760 3489 1776 3514 ‚
1814 3447 2099 3519 tardosque
2130 3447 2291 3501 trahit
2324 3447 2473 3500 sinus

1449 3528 1665 3580 ultimus
1708 3528 1863 3582 orbes
1886 3554 1933 3580 a.
1977 3527 2139 3580 Scan.
2186 3533 2255 3566 —'-
2292 3530 2475 3578 Stridet

1448 3627 1619 3658 nemas
1638 3609 1854 3673 undique
1870 3620 2033 3656 totum.
2054 3605 2290 3677 Higtius:
2316 3633 2342 3652 ‹-
2356 3604 2475 3658 stri-

1453 3685 1543 3738 det
1571 3704 1761 3737 nemus
1788 3683 2025 3755 undique
2052 3703 2065 3737 :
2112 3697 2277 3740 totam
2314 3687 2477 3739 Pesti-

1455 3764 1569 3817 fero
1611 3763 1805 3817 adflatu
1846 3783 2057 3834 serpens
2086 3785 2252 3835 vagus
2297 3767 2475 3820 inficit
2552 3780 2557 3786 “

1455 3841 1671 3894 aethram
1696 3869 1735 3894 a.
1779 3843 1880 3894 Pro
1920 3843 2128 3914 vulgata
2166 3844 2287 3898 facit
2314 3841 2473 3916 Virg'.

1455 3920 1567 3974 Eel.
1586 3921 1613 3972 1
1628 3959 1643 3984 ‚
1668 3939 1716 3973 v.
1739 3939 1761 3973 1
1776 3939 1797 3972 1
1820 3939 1833 3972 :
1858 3947 1879 3966 ι
1894 3921 2129 3992 undique
2149 3923 2271 3976 totis
2290 3924 2476 3995 Usque

1455 3998 1590 4052 adeo
1629 4000 1874 4052 turbatur
1907 4002 2127 4073 agris-3
2172 4016 2225 4056 et
2253 4003 2471 4074 Dionys.

1453 4097 1535 4130 vs.
1568 4087 1664 4142 1²4
1694 4098 1707 4132 ε
1747 4089 1817 4151 τῷ
1849 4079 1901 4133 δ’
1922 4085 2017 4136 ὑπὸ
2046 4087 2191 4136 πᾶσα.
2216 4086 2475 4153 βαρύνεται

1453 4161 1610 4231 οὔριος
1640 4162 1759 4232 ἄκρη
1792 4153 2067 4233 ἐρχομένῳ.
2094 4161 2263 4214 δοίη.
2284 4191 2351 4200 -
2368 4161 2477 4210 Va-
