2996 4685
824 418 1217 488 ARATEA
1268 414 2007 489 PROGNOSTICA.

461 534 842 632 Inseditque
874 539 1114 609 animis
1139 592 1159 627 ‚
1183 540 1401 609 tenuit
1435 564 1575 609 rem
1613 538 1872 609 Graecia
1906 533 2148 621 solers»,

458 648 801 737 Pretium,
831 664 897 718 et
935 648 1173 747 longos
1202 651 1548 721 inventum
1580 649 1762 719 misit
1786 648 1856 717 in
1887 670 2120 715 annos.

452 757 586 827 Sed
624 760 937 853 primaeva
974 764 1208 831 Meton
1242 760 1516 845 exordia
1553 758 1838 853 sumpsit
1874 757 1959 826 ab
1990 778 2200 839 annu,

456 868 771 937 Torreret
800 868 1006 939 rutilo
1043 894 1253 965 quum
1294 870 1587 941 Phoebus
1623 868 1836 938 sidere
1867 870 2200 939 Cancrum
2221 915 2241 950 ‚

454 976 743 1072 Cingula
778 1004 989 1074 quum
1014 980 1287 1051 veheret
1313 980 1590 1075 pelagus
1616 976 1852 1074 procul
1891 976 2197 1062 Orionis,
2235 1064 2240 1069 ⁸
2429 997 2481 1035 ⁵⁰

452 1088 538 1156 Et
573 1106 781 1183 quum
808 1087 1087 1160 caeruleo
1113 1091 1425 1187 flagraret
1460 1092 1674 1163 Sirius
1698 1103 1898 1159 astro,

546 1206 693 1273 Hoc
731 1228 814 1273 ex
857 1204 1041 1274 fonte
1062 1204 1245 1277 velut
1278 1205 1553 1276 deduxit
1589 1220 1893 1299 tempora
1933 1204 2144 1271 Lunae

446 1312 688 1395 Navita
702 1366 722 1399 ‚
748 1338 885 1409 quo
926 1313 1201 1410 longum
1234 1314 1414 1385 facili
1442 1330 1586 1391 rute
1627 1326 1924 1384 curreret
1957 1310 2206 1407 aequor,

447 1425 535 1491 Et
571 1448 707 1518 quo
746 1425 921 1495 ruris
955 1450 1185 1495 amans
1228 1424 1451 1497 telluri
1490 1426 1670 1495 farr'a
1699 1422 1963 1520 parenti

447 1532 802 1623 Crederet;
838 1536 1090 1630 ingenti
1124 1530 1305 1632 petat
1336 1537 1477 1607 haec
1515 1536 1830 1631 indagine
1857 1555 2118 1626 semper
2425 1552 2474 1589 ⁵⁵

446 1643 577 1713 Seu
620 1645 738 1740 qui
777 1644 921 1715 vela
962 1644 1134 1733 salO,
1160 1672 1273 1717 seu
1310 1648 1427 1742 qui
1466 1646 1582 1715 dat
1614 1646 1866 1716 semina
1903 1658 2114 1713 terrae.

447 1755 590 1824 Nec
615 1780 803 1825 mora
835 1756 1170 1845 discendi,
1196 1758 1417 1828 brevis
1444 1758 1556 1828 hic
1584 1756 1796 1845 labor,
1834 1770 1902 1825 et
1934 1755 2136 1823 breve
2167 1765 2426 1842 tempus

445 1866 785 1953 Poscitur-3
820 1866 1205 1938 innumeros
1236 1868 1437 1938 habet
1467 1884 1694 1939 autem
1735 1865 2064 1936 industria
2098 1862 2372 1931 finctus.

446 1973 719 2043 Utilitas
752 1989 819 2043 te
853 1992 1035 2045 certa
1066 1993 1329 2065 manet,
1364 2002 1774 2073 praenoscere
1805 1990 2028 2046 motus

441 2084 515 2152 Si
563 2082 727 2154 libet
769 2086 1016 2174 aerios,
1054 2101 1126 2156 et
1158 2090 1664 2184 tempestatibus
1695 2088 1856 2183 ipsis
2421 2101 2473 2139 ⁶⁰

440 2193 659 2263 Edere
695 2195 1125 2291 principium.
1160 2201 1254 2268 Te
1284 2200 1580 2293 primum
1615 2212 1853 2293 sponte
1889 2194 2198 2291 procellis

444 2305 719 2380 Arcebis
751 2306 1041 2396 rabidis3
1080 2322 1145 2377 te
1182 2332 1447 2379 rursum
1484 2308 1790 2404 principe
1821 2307 2064 2378 fluctus

440 2418 774 2491 Vitabunt
809 2417 955 2508 alii,
992 2421 1047 2490 si
1084 2422 1285 2491 certis
1320 2419 1582 2515 singula
1617 2421 1824 2515 signis

344 2675 513 2708 novem
546 2671 699 2724 putat
742 2661 929 2711 athera-
956 2665 1089 2713 υοινί
1098 2702 1116 2723 ‚
1147 2671 1245 2715 etc.
1277 2663 1363 2715 Ita

344 2732 645 2789 emendavit
672 2735 771 2791 hos
801 2755 983 2791 versus
1006 2737 1261 2811 Scaliger,
1295 2737 1365 2792 de

342 2811 567 2868 Emend.
588 2813 780 2888 Temp.
822 2815 910 2868 lib.
936 2816 993 2868 11
1011 2852 1028 2879 ‚
1062 2835 1113 2888 p.
1141 2823 1210 2887 74
1228 2854 1245 2880 ,
1270 2816 1365 2872 ιὰ·

342 2893 602 2966 probante
636 2893 841 2948 Grotio.
895 2894 1077 2966 Vulgo
1127 2893 1319 2966 legitur
1346 2915 1361 2946 ε

342 3001 367 3020 ι-
386 2975 524 3028 Nam
555 2991 677 3046 qun
701 2974 893 3028 solem.
915 3014 928 3027 .
950 3011 965 3026 .
995 2986 1363 3028 monumenta-

348 3071 455 3124 que
476 3053 655 3125 prisea
675 3080 719 3108 a.

414 3137 483 3198 46
499 3172 517 3198 ‚
546 3139 637 3202 47.
663 3135 837 3186 Tenuit
864 3152 966 3184 rem
1000 3137 1195 3186 Gracia
1216 3136 1365 3185 solers

344 3215 598 3270 Protinus,
620 3227 670 3264 ee
698 3215 868 3282 longos
901 3215 1143 3264 &emtam
1164 3216 1295 3265 misit
1311 3215 1360 3262 in

342 3310 515 3342 annos.
540 3291 712 3363 Vulgo
738 3294 996 3344 inventum.

412 3371 499 3434 48.
534 3373 634 3423 Sed
666 3373 903 3438 primaeva
942 3375 1106 3424 Meum
1146 3375 1361 3424 exordia

343 3453 544 3517 sumpsit
584 3453 651 3500 ab
678 3468 830 3501 amw.
866 3448 965 3502 Hic
988 3449 1223 3504 Avienus
1248 3469 1360 3504 non

344 3528 466 3584 satis
502 3527 761 3582 intellexit
787 3529 939 3582 Aret.
974 3529 1123 3583 Dios.
1153 3548 1231 3583 vs.
1269 3549 1355 3583 st.

342 3607 503 3662 Conf.
542 3605 715 3662 Grotii
750 3618 865 3660 not.
892 3606 963 3662 ad
988 3609 1135 3662 Aret.
1172 3628 1227 3680 p.
1266 3607 1359 3671 15,

342 3698 395 3740 et
414 3685 595 3740 Bnlhii
616 3699 725 3740 not.
749 3687 853 3740 vol.
878 3687 936 3749 I,
970 3705 1025 3759 p.
1047 3687 1172 3750 443.
1199 3691 1360 3739 Est-or*—

343 3770 430 3818 de‘a
468 3770 534 3818 ab
572 3785 705 3818 anno
730 3765 981 3821 dicuntur
1017 3765 1223 3820 Avieno
1256 3785 1357 3838 pro

350 3849 571 3898 Eme-dia
587 3849 711 3898 anni
721 3885 737 3908 ,
759 3848 1005 3916 utfialgor
1026 3849 1090 3898 ab
1115 3866 1239 3897 atero
1254 3864 1356 3919 pro

339 3927 503 3994 Jiaelgur
525 3929 661 3986 aad,
692 3939 747 3980 et
772 3925 963 3980 similia
984 3927 1159 3997 plura.
1182 3955 1251 3966 -—-
1272 3926 1352 3978 De

1448 2662 1714 2733 putaverit
1738 2679 1848 2714 non
1875 2659 2156 2712 Eudoxum
2182 2661 2264 2728 (ut
2289 2675 2472 2710 omnes

1450 2753 1642 2810 putant
1662 2752 1717 2794 et
1734 2758 1834 2792 nos
1849 2738 2140 2792 adserimus
2161 2754 2319 2806 supra
2347 2753 2468 2805 pag.

1454 2817 1586 2885 595,
1628 2815 1694 2869 ad
1741 2816 1922 2869 Phaon.
1957 2815 2115 2883 1²90)
2134 2850 2151 2878 ,
2178 2812 2271 2866 sed
2313 2811 2470 2864 Phai-

1448 2913 1580 2948 num
1599 2895 1683 2948 vel
1691 2896 1956 2948 Metonem
1980 2895 2139 2946 fuisse
2155 2894 2306 2964 cujus
2326 2893 2480 2944 vesti-

1450 2975 1550 3047 giis
1569 2975 1818 3028 institerit
1833 2975 2043 3028 Aratus.
2073 2971 2176 3026 Sed
2195 2971 2334 3024 hanc
2355 2971 2465 3042 opi-

1452 3053 1666 3108 nionem
1696 3053 1889 3107 refellit
1908 3053 2150 3106 Petavius
2165 3093 2181 3117 ‚
2215 3051 2270 3104 in
2296 3063 2470 3105 aucta-

1450 3132 1534 3186 rio
1551 3132 1746 3204 operis,
1768 3132 1835 3187 de
1855 3133 2104 3186 Doctrina
2120 3132 2466 3202 Temen-um,

1453 3211 1557 3280 vl,
1571 3233 1624 3284 9.
1645 3215 1714 3266 Et
1733 3233 1832 3268 nos
1853 3213 2088 3267 diximus
2103 3213 2159 3264 in
2172 3211 2469 3264 Pramonit.

1447 3292 1518 3346 nd
1550 3293 1807 3347 Avienum
1829 3333 1845 3359 ,
1875 3292 2028 3346 inum
2061 3293 2272 3366 plures,
2305 3309 2468 3362 quam

1448 3373 1636 3426 Aratus
1659 3413 1676 3438 ,
1739 3373 2022 3443 scriptores
2086 3370 2469 3424 astronomieos

1447 3450 1797 3506 consuluisse.
1833 3451 1938 3504 En.

1518 3531 1604 3584 52.
1649 3535 1753 3582 Hoc
1803 3551 1870 3584 ex
1889 3533 2038 3600 βιαιο
2081 3535 2221 3582 velue
2257 3531 2466 3582 dedu-tit

1446 3624 1666 3677 tempora
1685 3614 1838 3662 Luna.-
1860 3613 2078 3671 Navita,
2110 3629 2208 3678 quo
2235 3613 2463 3678 longum,

1446 3707 1512 3742 ex
1539 3685 1906 3741 emendatione
1923 3687 2115 3742 Grotii.
2139 3691 2332 3744 Sensus
2353 3699 2468 3742 est:

1446 3769 1531 3822 Ex
1584 3767 1843 3822 Metoneis
1894 3769 2280 3842 Parapegmatis
2331 3767 2470 3821 deri-

1443 3858 1638 3901 vantur
1648 3849 1955 3920 προγνώσιις.
1994 3849 2255 3924 Corrupte
2281 3847 2470 3918 vulgo:

1444 3951 1467 3974 ιι
1488 3927 1605 3980 Hoc
1619 3937 1682 3979 ut
1700 3927 1822 3980 sons
1839 3942 1936 3994 est,
1957 3929 2100 3984 unde
2113 3943 2164 3983 et
2177 3926 2322 3982 duxit
2342 3938 2474 3980 tem·

354 4003 580 4068 Motene,
605 4023 765 4076 quem
800 4004 889 4058 hic
920 4006 1158 4059 nominat
1194 4005 1349 4058 Avie-
1436 4027 1572 4080 pora
1589 4009 1808 4060 Luna».
1825 4007 2056 4064 Ed.A1d.
2075 4017 2181 4064 Hoc
2195 4013 2466 4081 uesbneem·

352 4103 473 4152 tus,
497 4085 713 4138 omnino
744 4097 885 4140 tacet
910 4087 1129 4150 Aratus,
1159 4103 1349 4157 quam-

350 4183 497 4234 quam
516 4165 797 4222 Salmasius
812 4207 829 4233 ,
864 4164 933 4219 sd
952 4165 1113 4220 Solin.
1136 4183 1186 4237 p.
1210 4165 1311 4218 822
1332 4205 1349 4230 ,

1511 4086 1593 4150 54.
1636 4091 1707 4136 Ee
1744 4107 1858 4154 quo.
1888 4089 1975 4143 Sic
2003 4109 2218 4162 repono.
2263 4091 2466 4143 Omnes

1441 4169 1698 4234 AEquora,
1727 4167 1878 4220 nullo
1905 4188 2076 4224 sensu.
2097 4171 2202 4224 En.
