2996 4685
499 372 584 418 ιο
995 347 1128 416 DE
1187 349 1271 416 R.
1325 345 1641 414 FESTO
1704 347 2107 418 AVIENO.

488 479 552 544 N
555 475 735 543 ortiae
793 499 866 540 se
913 476 1288 565 religiosum
1343 476 1661 541 cultorem
1716 475 2081 566 profitetur,
2126 475 2309 565 quod
2363 499 2433 541 ea
2492 477 2623 542 Dea

488 588 916 670 Etruseorum
939 585 1074 652 fere
1097 585 1466 652 eommunis
1493 602 1660 669 erat,
1683 602 1749 651 et
1769 585 2079 652 Vulsiniis
2096 634 2115 668 ‚
2134 587 2249 652 ubi
2276 587 2415 675 ipse
2440 603 2623 662 ortus

485 707 661 776 emt,
691 691 1015 781 peculiare
1067 690 1386 782 templum
1411 692 1693 757 habebat
1710 741 1729 774 ,
1774 691 2158 758 testantibus
2192 691 2373 757 Livio
2414 691 2509 781 (ι)
2558 708 2626 756 et

489 799 901 864 Termlliano
925 799 1040 889 (2).
1071 797 1234 864 Eam
1265 822 1387 888 pro
1417 799 1742 883 Fortuna,
1772 813 1983 875 Tun,
2010 821 2129 864 seu
2152 797 2415 864 Nenesi
2435 799 2624 864 habi-

491 922 648 983 tam,
669 921 894 970 monet
918 905 1158 972 Gorius
1181 904 1267 970 ad
1290 906 1492 970 Inscr.
1516 907 1689 970 Don.
1716 905 1809 993 (3)
1833 921 1899 970 et
1922 909 2265 994 propterea
2281 921 2626 970 veneratur

489 1010 758 1094 Festus,
788 1011 970 1100 quod
1014 1009 1384 1075 munificam
1424 1033 1572 1100 erga
1610 1034 1681 1077 se
1718 1011 2014 1101 plurimis
2056 1011 2202 1076 vitae
2250 1034 2383 1079 suae
2426 1011 2623 1075 rebus

485 1117 817 1205 prosperis
837 1165 855 1200 ,
893 1140 1050 1206 quas
1085 1117 1388 1207 deinceps
1434 1133 1904 1189 commemorat
1918 1164 1936 1198 ‚
1988 1132 2287 1205 expertus
2329 1116 2447 1181 sit.-
2490 1117 2626 1181 Hac

491 1221 898 1309 professione
929 1222 1256 1312 religionis
1290 1241 1356 1288 et
1389 1226 1611 1313 patrioe
1636 1223 1915 1288 Avienus
1940 1219 2203 1286 abunde
2232 1223 2470 1287 refutat
2494 1223 2631 1310 opi-

493 1327 760 1391 nionem
787 1349 1014 1392 eorum
1035 1377 1053 1410 ,
1081 1331 1194 1417 qui
1227 1351 1382 1394 eum
1411 1329 1792 1395 Christianis
1820 1327 2153 1394 addictum
2178 1329 2407 1409 sacris,
2430 1344 2495 1392 et
2520 1329 2631 1393 Hi-

493 1455 770 1522 spanum
805 1434 1068 1499 natione
1085 1483 1103 1518 ‚
1137 1434 1396 1500 credere
1417 1486 1434 1519 ,
1463 1453 1530 1502 et
1556 1434 1944 1524 persuadere
1974 1435 2111 1499 aliis
2143 1435 2515 1500 voluerunt.
2548 1435 2625 1498 In

493 1537 733 1625 quibus
761 1541 1037 1603 maxime
1063 1556 1218 1604 sunt
1234 1541 1376 1605 Nic.
1399 1541 1722 1605 Antonius
1744 1539 1862 1630 (4),
1888 1539 2120 1604 Petrus
2151 1539 2401 1602 Melian
2425 1536 2547 1626 (5),
2566 1555 2631 1602 et

493 1645 890 1709 Ramiresius
919 1644 1002 1710 de
1033 1644 1249 1709 Prado
1275 1643 1402 1734 (6),
1435 1643 1553 1711 sed
1578 1646 1681 1710 his
1706 1645 2108 1734 antiquiores
2134 1645 2328 1710 etiam
2350 1667 2473 1734 pro
2490 1643 2632 1707 His-
2748 1705 2755 1712 .

491 1771 666 1837 pano
681 1772 830 1814 eum
848 1750 1176 1833 habuisse,
1188 1766 1509 1816 testantur
1522 1751 1812 1819 Crinitus
1832 1767 1899 1816 et
1910 1748 2627 1839 Gyraldus.(Vid.Test.)

493 1857 712 1944 Atque
753 1873 828 1921 ut
873 1858 1160 1946 primum
1219 1857 1304 1922 de
1353 1858 1668 1948 religione
1702 1858 1931 1923 Avieni
1978 1855 2343 1921 Christiana
2378 1853 2587 1920 dicam
2610 1903 2627 1935 ,

489 1962 554 2028 N
557 1962 636 2029 ie.
667 1965 995 2030 Antonius
1031 1965 1072 2031 l.
1107 1987 1163 2031 c.
1198 1963 1547 2055 profitetur
1568 1965 1917 2030 avidissime
1944 1986 2009 2028 se
2041 1962 2291 2026 endere
2320 1943 2644 2026 Ameriam·

485 2081 744 2156 poetam
799 2070 1227 2136 Clu-imbrium
1246 2070 1463 2158 fuisse
1477 2120 1496 2151 ,
1540 2087 1661 2136 aut
1704 2070 2209 2134 Christianorum
2260 2065 2632 2153 dogmatum

486 2195 769 2260 gnarum
811 2189 878 2238 et
905 2191 1248 2241 amantem.
1294 2175 1425 2240 Sed
1469 2177 1599 2240 hoc
1644 2173 2041 2263 argumentis
2082 2170 2438 2236 admodum
2476 2172 2631 2236 levi-

491 2277 650 2359 bus,
689 2295 766 2345 ut
795 2281 1126 2346 Fabricius
1154 2279 1401 2361 judicat
1427 2278 1553 2368 (7),
1584 2279 1865 2368 probare
1900 2292 2195 2342 conatur.
2228 2277 2451 2341 Primo
2476 2299 2631 2368 pro-

491 2386 620 2452 fert
652 2388 867 2453 locum
915 2410 994 2451 ex
1030 2390 1208 2453 Arat.
1248 2387 1585 2451 Pboenom.
1620 2410 1684 2451 v.
1720 2408 1799 2473 ¹7
1834 2408 2013 2474 seqq.

737 2564 968 2619 Inseruit
993 2564 1094 2619 rite
1116 2556 1264 2619 hune
1289 2562 1525 2638 primum
1540 2601 1557 2626 ,
1590 2558 1827 2615 medium
1842 2603 1859 2631 ,
1890 2574 2051 2635 atque
2079 2559 2391 2615 secundum.

740 2652 862 2705 Vox
887 2666 1084 2707 secreta
1107 2654 1250 2707 canit
1274 2651 1376 2706 sibi
1397 2667 1411 2702 τ
1441 2668 1567 2703 nam
1590 2650 1882 2723 permixtus
1907 2649 2175 2723 utrimque
2191 2689 2207 2715 ,
2336 2688 2345 2697 .

735 2742 805 2795 Et
833 2741 1000 2795 fultus
1021 2762 1133 2796 sese
1151 2742 1422 2815 geminum
1453 2738 1629 2805 latus,
1661 2757 1802 2791 unus
1828 2749 1879 2791 et
1905 2736 2049 2791 idem
2073 2748 2151 2791 est

737 2833 937 2886 Auctor
959 2831 1287 2903 agendorum
1303 2871 1319 2896 ,
1343 2827 1651 2902 propriique
1672 2838 1909 2902 patrator
1936 2826 2131 2881 amoris
2146 2868 2161 2893 ,
2181 2838 2286 2879 ete.

491 3016 646 3083 Hoee
678 3032 814 3075 non
847 3010 974 3075 alio
1012 3008 1328 3098 respicere
1359 3009 1451 3074 ait
1469 3058 1488 3084 ‚
1538 3008 1661 3071 nisi
1692 3005 1775 3073 ad
1798 3006 2077 3071 Trinum
2104 3004 2341 3067 Deum.
2376 3000 2634 3065 Profert

486 3120 766 3195 alterum
799 3116 1020 3181 locum
1053 3119 1440 3181 Arateorum
1464 3163 1484 3197 ‚
1524 3138 1585 3178 v.
1620 3112 1701 3178 32
1740 3136 1877 3201 seq.
1910 3134 2109 3199 quem
2150 3132 2269 3173 nos
2298 3108 2427 3173 alio
2465 3124 2633 3173 tem-

563 3336 648 3405 (8)
682 3332 806 3387 ub.
827 3332 962 3400 vn,
989 3350 1107 3406 up.
1135 3332 1186 3390 3,

562 3433 890 3507 (²)A90103·
916 3452 1036 3506 αφ-
1069 3438 1154 3497 ²4

563 3539 642 3609 (3)
679 3536 846 3596 cla-⁸.
873 3538 935 3604 1,
973 3556 1031 3589 n.
1061 3542 1176 3605 149.
1215 3534 1363 3587 Inter
1383 3534 1605 3586 Veteres
1640 3531 1833 3603 probat
1860 3529 2153 3583 Martianus
2183 3523 2430 3597 Capena,
2466 3520 2557 3575 lib.
2578 3520 2637 3587 1,

495 3648 618 3704 pag.
663 3646 724 3684 ιι
743 3668 761 3695 ,
793 3626 944 3681 Gmt.
981 3652 1006 3671 ··
1021 3626 1196 3693 Quam
1233 3623 1324 3677 alii
1367 3622 1577 3677 Sortem
1620 3620 1875 3675 adserunt
1888 3660 1905 3686 ‚
1938 3616 2316 3687 Nemesimque
2362 3610 2605 3667 nonnulli
2623 3652 2640 3677 ,

493 3717 826 3793 Tychenque
845 3732 1008 3793 quam
1028 3714 1231 3785 plures,
1253 3725 1346 3768 aut
1365 3710 1603 3765 Nortiam
1618 3736 1660 3762 ιι.

571 3822 649 3891 (4)
684 3813 939 3871 Biblioth.
964 3826 1065 3867 vet.
1090 3812 1389 3887 Hispania,
1409 3813 1504 3865 lib.
1526 3812 1614 3879 11,
1639 3828 1756 3883 cap.
1776 3828 1809 3879 9
1826 3850 1841 3875 ,
1876 3827 1926 3881 p.
1954 3806 2075 3862 158.

570 3918 648 3988 (5)
682 3917 746 3971 In
775 3916 934 3988 Epist.
965 3910 1372 3987 prosphonetica
1411 3913 1478 3966 ad
1500 3911 1641 3965 Festi
1662 3910 1785 3964 Rufi
1814 3907 2003 3964 Avieni
2032 3924 2227 3980 opera,
2246 3902 2370 3958 edit.
2389 3901 2598 3955 Madrit.

573 4022 654 4089 (6)
678 4018 760 4073 Ad
786 4014 1097 4089 Luitprandi
1128 4014 1344 4069 Adveru.
1373 4034 1494 4087 pag.
1528 4023 1646 4086 49²·

575 4128 654 4195 (7)
690 4122 822 4181 nihl.
847 4124 961 4179 Lat.
984 4120 1104 4187 111,
1134 4138 1192 4185 2,
1229 4136 1272 4171 1.
