2996 4685
1277 331 1362 396 R.
1419 330 1489 395 F.
1544 329 1889 398 AVIENI

710 457 900 544 Quos
935 452 1326 521 distinerent
1360 452 1572 544 spatia
1606 465 1937 520 terrarum
1977 453 2256 536 extima3

712 565 902 636 Subii
943 561 1224 644 libenter
1265 561 1335 630 id
1379 560 1661 647 laboris»,
1706 576 1781 630 ut
1826 561 1949 629 tibi
2646 589 2671 624 s

710 672 1175 746 Desideratum
1215 671 1509 742 carmine
1544 671 1673 739 hoc
1710 669 2113 740 claresceret.

713 788 838 854 Fas
881 808 1018 852 non
1055 783 1286 878 putavi
1323 783 1603 878 quippe,
1640 780 1898 876 prolixa
1935 781 2077 870 die,

711 897 865 967 Non
897 892 1240 987 subjacere
1277 893 1503 962 sensui
1539 891 1824 961 formam
1861 907 1981 962 tuo

715 1005 1036 1101 Regionis
1076 1004 1247 1096 ejus»,
1273 1027 1476 1098 quam
1522 1005 1799 1072 vetustis
1843 1003 2135 1098 paginis,

715 1119 802 1186 Et
848 1139 1048 1210 quam
1075 1168 1094 1202 ‚
1127 1138 1247 1209 per
1290 1137 1557 1182 omnem
1599 1111 1871 1206 spiritus
1907 1115 2119 1182 nostri
2156 1112 2369 1199 diem,

716 1227 1084 1297 Secretiore
1121 1223 1404 1294 lectione
1433 1247 1840 1316 acceperam.

719 1335 852 1408 Alii
890 1335 1188 1406 invidere
1224 1357 1542 1427 namque,
1588 1331 1769 1426 quod
1812 1331 2161 1428 dispendio

525 1548 687 1602 solers
705 1547 883 1599 Asiam
901 1545 1046 1599 facili
1065 1563 1197 1616 cape
1215 1543 1445 1597 carmine
1465 1553 1545 1594 to-
1633 1559 1699 1610 μ
1720 1541 1852 1608 dies,
1861 1541 1990 1613 quid
2009 1561 2119 1596 non
2141 1545 2451 1598 consumitis
2468 1545 2603 1599 anni
2618 1573 2665 1599 a.

531 1640 641 1681 tam
667 1651 712 1678 ι.
737 1625 822 1681 Sic
849 1627 1006 1678 etiam
1025 1623 1274 1678 Barthius
1297 1621 1541 1694 explicat.

529 1709 702 1760 Versu
736 1724 793 1759 η
824 1724 1110 1773 acceperam
1142 1703 1248 1756 hoc
1276 1721 1432 1756 sensu
1451 1741 1468 1764 ,
1497 1713 1547 1752 et

527 1805 604 1841 vs.
639 1804 702 1854 19
729 1805 874 1838 sensu
895 1803 1129 1854 capacem
1147 1783 1288 1836 dicit.

1634 1619 1703 1672 Et
1736 1645 1759 1668 ιι
1776 1621 1932 1693 longa
1964 1620 2074 1676 dies
2100 1622 2245 1676 acuit
2270 1624 2513 1680 mortalia
2540 1645 2669 1678 eor-

1636 1696 1703 1750 da
1737 1726 1777 1751 a.
1839 1700 2091 1772 Exempla
2146 1703 2322 1755 obvia.
2383 1705 2470 1758 sie
2536 1723 2665 1758 mox

1634 1805 1659 1823 «-
1673 1798 1885 1834 omnem
1910 1782 2126 1853 spiritus
2142 1781 2285 1836 diem
2304 1781 2387 1837 s'ni
2400 1810 2425 1829 ι
2446 1803 2666 1839 omnem

601 1874 654 1930 4.
683 1869 994 1917 Disteaerem
1019 1864 1160 1916 Ven.
1198 1875 1248 1915 et
1282 1862 1418 1914 Pith.
1453 1861 1547 1915 sed
1633 1860 1791 1912 vitam
1825 1878 1975 1912 suam
2016 1860 2161 1914 dicit.
2191 1862 2397 1918 Bas-ru.
2435 1863 2666 1918 Advers.

529 1946 812 1998 distinerent
833 1941 1136 1996 emendavit
1171 1942 1351 1994 Heius.
1381 1952 1434 1994 et
1459 1958 1548 1993 ex-

526 2023 712 2096 pressit
753 2021 1058 2078 Hndsonus.
1103 2051 1172 2064 --
1216 2023 1541 2080 Dinia-mm,

527 2106 587 2159 id
621 2116 728 2167 est,
773 2115 1102 2174 separarent.·
1129 2102 1270 2154 Alias
1305 2102 1548 2172 frequen-

525 2199 608 2238 ter
633 2202 662 2235 a
693 2183 918 2235 librariis
945 2182 1234 2252 permutari
1268 2182 1400 2234 solet
1425 2197 1547 2232 cum

529 2267 800 2316 defluerem
833 2273 882 2312 et
922 2261 1242 2313 destinat-erit.
1293 2258 1516 2311 Ovidius
1534 2297 1550 2323 ,

533 2340 700 2413 Epist.
743 2339 882 2402 x11,
927 2347 1060 2401 104:
1094 2337 1344 2409 «Quique
1389 2338 1548 2391 maris

529 2420 726 2495 gemini
775 2418 986 2472 distinet
1036 2418 1266 2471 Isthmos
1285 2424 1479 2491 ⁸'aquas
1508 2444 1549 2471 ,υ

529 2502 639 2554 En.
691 2530 764 2541 --
815 2498 1080 2553 Caeterum
1145 2503 1354 2551 sensum
1415 2516 1549 2569 qua·

530 2594 653 2634 tuor
687 2594 936 2632 versuum
967 2578 1204 2649 priorum
1231 2578 1304 2631 sic
1337 2578 1550 2649 capien-

531 2660 662 2715 dum
708 2674 898 2712 censeo
923 2676 938 2709 τ
995 2655 1246 2728 cogitans
1291 2671 1390 2730 ego
1415 2696 1430 2721 ,
1477 2657 1551 2710 mi

531 2740 720 2803 Probe,
751 2736 932 2791 animo
958 2747 1113 2807 atque
1141 2752 1322 2805 sensu,
1341 2754 1480 2809 sepe
1502 2750 1553 2789 te

530 2820 802 2894 quesisse,
823 2836 930 2889 qua
958 2817 1166 2871 ratione
1187 2817 1326 2871 effici
1353 2818 1519 2889 possit
1534 2855 1549 2879 ‚

529 2910 592 2953 ut
605 2937 621 2962 ,
651 2898 744 2971 qui
778 2896 934 2949 Ponti
963 2896 1183 2950 Taurici
1219 2896 1350 2949 situs
1394 2909 1529 2950 esset
1542 2938 1557 2962 ,

531 2976 796 3050 prohabili
814 2975 921 3029 fide
945 2975 1196 3048 cognosci
1213 2976 1285 3029 ab
1300 2975 1382 3029 his
1399 2977 1557 3029 etiam

532 3067 739 3129 posset,
771 3054 871 3126 qui
911 3055 1122 3127 longius
1162 3053 1232 3106 ab
1269 3054 1362 3109 illo
1386 3054 1557 3107 Ponto

529 3135 778 3210 disjuncti
809 3134 1054 3187 extremis
1080 3145 1342 3186 terrarum
1378 3135 1563 3205 spatiis

533 3215 807 3281 habitant3
838 3212 976 3266 subii
1001 3211 1244 3279 libenter,
1277 3223 1380 3265 etc.

603 3296 655 3349 5.
673 3298 791 3347 subc·
807 3294 947 3347 Ven.
971 3291 1164 3364 reliqui
1187 3292 1328 3343 Subii.

603 3378 661 3429 6.
691 3376 1028 3427 Desideratum
1061 3371 1239 3445 ipsum
1271 3382 1454 3424 votum
1491 3373 1557 3424 si-

530 3452 769 3523 gnificat,
794 3452 879 3504 vel
898 3450 1242 3513 desiderium,
1263 3452 1414 3523 cujus
1429 3468 1559 3508 usus

533 3550 643 3585 non
665 3530 972 3603 infrequens
995 3528 1307 3583 Christianis
1334 3529 1555 3601 scripto-

532 3611 696 3663 ribus.
735 3609 925 3662 Noster
947 3610 1089 3662 infra
1115 3629 1168 3662 v.
1201 3626 1268 3679 ²7
1297 3608 1554 3669 similiter.

533 3689 739 3741 Bsnn.
766 3687 898 3739 Λᾶν.
921 3688 1199 3753 XXVIII,
1227 3704 1308 3741 ts.
1347 3692 1354 3702 ‘

605 3784 655 3837 7.
675 3768 878 3817 Pmeiaea
903 3769 985 3816 die
1013 3766 1346 3820 tantumdem
1374 3780 1466 3835 est,
1492 3786 1559 3825 ao

532 3847 577 3898 si
613 3843 826 3897 dixisset
860 3849 1013 3912 longo
1039 3859 1263 3915 tempon.
1289 3848 1425 3902 Sane
1449 3852 1555 3901 dies

535 3928 690 3992 longa
711 3922 825 3994 pari
853 3922 1030 3995 phmi
1056 3924 1254 3980 Latinis
1283 3928 1553 3999 scriptori·

536 4003 637 4055 bus
678 4001 896 4055 summis
931 4001 1149 4074 longum
1191 4005 1290 4057 evi
1337 4024 1554 4059 cursum

533 4081 770 4136 denotat.
792 4079 864 4132 Ut
882 4080 936 4133 in
955 4080 1046 4134 illo
1061 4122 1077 4147 ,
1095 4106 1117 4127 ι
1139 4082 1286 4147 Quid
1307 4102 1413 4139 non
1435 4085 1553 4141 lon·

1636 1937 1910 2006 XXVIII,
1940 1959 2018 1994 12.
2056 1973 2124 1980 —
2159 1943 2362 1994 ProIt‘oea
2398 1945 2500 2003 die,
2534 1962 2669 2014 pro-

1638 2019 1850 2073 missam
1874 2025 1988 2080 diu,
2018 2021 2105 2088 vel⁸
2122 2019 2409 2092 pollicitam
2437 2025 2521 2074 diu
2542 2043 2561 2073 :
2590 2041 2668 2075 vs.

1640 2105 1705 2162 ²4
1732 2099 1860 2153 dicit
1898 2121 1997 2152 rem
2040 2120 2068 2152 a
2114 2099 2286 2154 Probo
2312 2101 2665 2173 effingimus.

1639 2177 1823 2232 Hnms.
1849 2179 1986 2232 Mihi
2008 2184 2211 2249 prolixa
2240 2184 2343 2232 dies
2367 2200 2473 2233 non
2502 2184 2671 2254 respi-

1637 2275 1759 2311 cere
1792 2257 2004 2312 videtur
2043 2258 2108 2311 ad
2148 2260 2225 2312 rei
2263 2261 2671 2331 promissionem

1638 2338 1730 2393 diu
1757 2352 1878 2394 ante
1916 2339 2137 2409 factam,
2184 2341 2277 2394 sed
2304 2341 2382 2395 rei
2407 2339 2671 2415 cognitio-

1638 2438 1760 2471 nem
1789 2432 1840 2473 et
1862 2420 2174 2483 claritatem,
2199 2432 2250 2473 et
2260 2426 2518 2490 prolixam
2536 2424 2669 2473 ὤεα

1639 2498 1773 2553 adeo
1790 2498 1932 2551 idem
1950 2518 2061 2553 esse
2077 2518 2139 2554 ac
2156 2504 2343 2553 claram
2364 2504 2539 2561 lucem,
2557 2520 2671 2573 qua

1638 2579 1747 2652 ipsa
1768 2598 1851 2631 res
1864 2599 1893 2632 a
1911 2580 2089 2633 Probo
2106 2578 2391 2651 efflagitata
2410 2578 2669 2653 gaudeat,

1641 2670 1692 2711 et
1708 2676 1867 2730 quam
1888 2671 2108 2732 propter
2126 2660 2207 2712 sas
2221 2678 2333 2711 non
2350 2670 2499 2730 putat
2515 2659 2674 2714 Avie-

1640 2756 1776 2802 nus,
1826 2738 2051 2792 formam
2095 2740 2210 2810 ejus
2242 2738 2467 2811 regionis
2504 2738 2675 2793 Probi

1642 2819 1817 2870 sensui
1860 2836 1969 2871 non
2019 2816 2304 2888 subjacere.
2350 2819 2552 2870 Proliaea
2588 2821 2673 2871 die

1643 2895 1807 2967 igitur
1838 2896 1906 2949 ad
1949 2896 2217 2969 sequentia
2260 2902 2372 2949 Non
2418 2900 2673 2965 subjacere

1644 2974 1875 3047 pertinet
1894 3013 1909 3037 ,
1948 2986 1998 3027 et
2026 2994 2058 3027 a
2084 2973 2507 3049 precedentibus
2526 2994 2675 3029 com-

1646 3066 1787 3108 mate
1835 3052 2291 3125 distinguendum.
2346 3054 2494 3107 Nota
2545 3066 2676 3107 sunt

1646 3134 1885 3186 formulas
1902 3172 1921 3198 ‚
1948 3132 2077 3187 huic
2095 3132 2311 3201 similes,
2336 3159 2361 3179 ι
2376 3132 2546 3185 multo
2556 3134 2673 3205 jam

1646 3212 1753 3275 die,
1772 3212 1983 3273 illustri,
2002 3212 2291 3278 luculenta,
2310 3211 2483 3283 aprica
2502 3209 2591 3265 die
2606 3238 2651 3263 -.

1717 3292 1765 3346 8.
1803 3296 2026 3343 Formam
2054 3294 2268 3360 regionis
2296 3290 2430 3343 dicit
2448 3331 2464 3356 ,
2494 3302 2555 3342 ut
2574 3310 2673 3343 sas-

1646 3372 1766 3443 pius
1804 3372 1861 3424 in
1912 3369 2200 3441 Periegesi,
2236 3390 2288 3423 v,
2332 3368 2435 3422 358
2460 3410 2477 3436 ,
2526 3368 2631 3423 386
2656 3408 2673 3433 ,

1652 3454 1813 3517 1046,
1848 3449 2003 3515 1251,
2034 3460 2085 3501 et
2108 3466 2231 3502 mox
2252 3466 2329 3500 vs.
2356 3449 2446 3519 37,
2490 3448 2675 3501 nloeo-

1644 3548 1764 3589 rum
1789 3530 2071 3583 formulam
2096 3529 2490 3603 imaginemque
2505 3552 2547 3579 ι.

1721 3628 1801 3663 10.
1838 3614 1905 3661 Et
1934 3630 2035 3677 qna
2068 3608 2207 3662 Ven.
2246 3614 2310 3660 Ee
2343 3628 2491 3676 quam
2526 3606 2669 3659 Pith.

1646 3702 1698 3741 et
1746 3688 1917 3743 Huds.
1978 3688 2082 3741 Pro
2125 3704 2192 3741 eo
2242 3699 2420 3741 tamen
2456 3690 2673 3753 AEqaatn

1644 3768 1760 3823 vult
1785 3768 1965 3822 Barth.
2004 3769 2041 3822 i.
2070 3788 2119 3821 e.
2150 3784 2329 3841 parem
2346 3807 2362 3833 ‚
2386 3764 2640 3838 equalem
2656 3802 2676 3827 ,

1643 3868 1753 3923 qua
1784 3844 1917 3901 sicce
1948 3850 2178 3902 Avienus
2214 3862 2529 3901 consensum
2564 3860 2676 3896 om-

1642 3930 1796 3982 nium
1826 3928 2139 3981 soecuiorum
2168 3938 2221 3980 et
2257 3939 2471 3979 secrete
2500 3922 2676 3975 Philo-

1640 4007 1789 4083 logiae
1811 4008 2028 4072 innuat;
2056 4024 2259 4079 equam
2282 4004 2507 4061 formam
2527 4012 2675 4058 vetn-

1640 4089 1733 4144 stis
1756 4088 1977 4163 paginis.
