2996 4685
404 343 543 388 220

1156 323 1235 390 R.
1289 325 1361 389 F.
1413 325 1796 394 AVIENI·

497 443 1113 538 Amphitryoniadae
1132 495 1152 527 ‚
1178 469 1561 540 numenque
1588 463 1908 516 verentur
1933 447 2304 520 alumnum.

498 553 723 624 Insula
763 578 833 622 se
868 569 1144 648 propter
1183 559 1545 652 Gymnesia
1583 554 1759 626 tollit
1789 560 1874 628 ab
1908 556 2084 647 alte,

2459 589 2542 628 62⁰

500 669 594 734 Ac
635 663 875 732 dilecta
920 689 1090 759 vago
1126 668 1354 760 pecori
1389 668 1739 762 consurgit
1771 668 2068 754 EbusuS‚

400 905 571 952 domos
594 899 761 973 Cusp.
783 913 834 953 et
848 899 985 975 Vad.
1008 901 1163 954 Prius
1184 901 1425 955 defendit

398 979 619 1034 Schrad.
643 979 766 1053 quia
803 981 881 1034 sic
910 993 962 1034 et
986 1001 1041 1034 v.
1069 984 1219 1044 1064.
1252 985 1425 1053 Atque

399 1060 473 1113 ibi
504 1059 723 1134 Cuspin.
753 1071 805 1114 et
830 1059 973 1113 vad.
1004 1079 1223 1132 quoque
1247 1073 1429 1114 tenent

400 1143 588 1194 domus.
626 1172 697 1180 —
733 1145 875 1192 Dant
896 1144 949 1192 1ιί
970 1159 1163 1208 quoque
1186 1144 1426 1193 maxima.

401 1225 541 1272 Dant
580 1239 811 1293 praesens
844 1239 944 1293 pro
977 1233 1125 1290 prot.
1163 1221 1293 1290 perf.
1329 1237 1427 1290 po-

404 1300 527 1353 suit.
549 1300 795 1353 Imitatur
822 1300 971 1371 Virg.
1005 1303 1127 1352 AEn.
1156 1299 1266 1361 lx,
1293 1302 1425 1353 266:

402 1408 427 1427 ··
453 1381 670 1434 Cratera
705 1378 979 1452 antiquum
996 1418 1013 1444 ‚
1044 1396 1203 1451 quem
1230 1377 1321 1432 dat
1342 1377 1427 1432 si-

400 1458 560 1513 donia
590 1458 731 1512 Dido
748 1485 792 1511 ».
816 1457 1082 1532 Georg.1,
1106 1476 1205 1529 ²79
1227 1474 1241 1509 :
1268 1483 1289 1504 ι
1314 1467 1427 1509 tum

399 1552 555 1611 partu
576 1539 742 1592 Terra
773 1538 1004 1592 nefando
1031 1539 1323 1610 Coeumque
1348 1537 1431 1588 Ia·

400 1631 689 1692 petamque
742 1632 882 1672 creat
901 1657 917 1680 ,
968 1637 1276 1690 saevumque
1318 1617 1428 1690 Ty-

404 1699 559 1770 phoea
587 1725 627 1749 ιο.
672 1699 902 1752 Avienus
954 1717 1116 1770 supra
1162 1717 1237 1750 vs.
1294 1703 1423 1766 492:

402 1776 678 1852 «Cyllenae
721 1779 917 1834 finibus
958 1781 1085 1832 olim
1127 1779 1260 1844 Quae
1297 1779 1430 1852 petit

404 1859 645 1932 Hesperii
680 1859 811 1914 freta
839 1859 1059 1932 gurgitis
1086 1883 1127 1908 ι».
1152 1863 1287 1911 Dare
1312 1872 1429 1912 tem-

395 1945 485 2008 pla
531 1957 665 2010 sepe
705 1939 837 1993 dixit
883 1939 1108 1994 Ovidius
1148 1938 1201 1991 in
1248 1941 1429 1994 Fastis.

404 2020 570 2074 Scan.
1134 2021 1143 2028 '

476 2105 599 2170 619.
660 2107 951 2170 Numenque
994 2118 1233 2156 verentur
1272 2109 1430 2156 alum-

406 2201 537 2232 num.
573 2182 677 2234 Pro
713 2201 778 2235 eo
805 2181 984 2234 Heins-
1017 2182 1087 2235 ad
1114 2182 1271 2237 ovid.
1298 2183 1423 2236 Met.

406 2260 507 2322 lv,
536 2268 659 2326 4²1,
680 2263 902 2336 conjecit
930 2275 1016 2315 «et
1042 2282 1241 2316 numen
1268 2281 1429 2316 vene-

402 2352 591 2393 rantur
620 2341 894 2395 alumnum
914 2368 961 2395 n.
986 2341 1085 2395 Sed
1116 2346 1281 2395 verm·
1301 2347 1431 2395 Deos

402 2437 568 2491 quum
585 2420 727 2491 apud
746 2422 880 2475 alios
892 2423 1141 2493 reperias,
1159 2436 1273 2476 tum
1288 2423 1428 2493 apud

406 2498 717 2553 Ciceronem
760 2513 814 2554 et
849 2502 1079 2555 Livium.
1110 2501 1233 2554 Vid.
1261 2502 1427 2557 Drak.

404 2578 472 2631 ad
502 2580 705 2643 Liv.V‚
741 2584 837 2641 28,
868 2589 916 2646 4.
945 2580 1106 2636 Scan.
1139 2614 1211 2624 —
1242 2582 1431 2655 Singu-

404 2659 568 2712 larem
610 2662 805 2733 templo
830 2660 1073 2714 Herculis
1094 2662 1237 2733 apud
1264 2661 1429 2715 Gadi-

405 2750 556 2791 tanos
601 2742 951 2794 reverentiam
1006 2754 1055 2794 et
1118 2743 1427 2813 religionem

406 2818 566 2873 fuisse
602 2820 798 2874 indicat
834 2822 1019 2889 Silius,
1065 2823 1185 2887 111,
1226 2841 1303 2877 vs.
1328 2822 1426 2877 30:

405 2924 429 2945 ··
458 2898 560 2953 Sed
605 2900 751 2953 nulla
801 2902 1004 2973 effigies
1038 2901 1431 2973 simulacraque

404 2990 525 3031 nota
560 2981 797 3033 Deorum
821 2998 833 3031 :
864 2980 1134 3055 Majestate
1161 2981 1339 3033 locum
1376 2994 1429 3033 et

404 3078 556 3113 sacro
582 3059 871 3131 implevere
893 3058 1081 3113 timore
1099 3086 1141 3112 n.
1162 3063 1259 3118 W.

476 3134 595 3191 (iao.
642 3142 816 3191 Insula
848 3160 901 3192 se
934 3154 1151 3207 propter.
1192 3138 1429 3191 Avienus

404 3217 646 3271 ordinem
699 3219 941 3283 invertit,
991 3231 1041 3272 et
1086 3216 1427 3291 Gymnesism

404 3309 527 3351 ante
546 3299 783 3352 Ebusum
806 3299 1063 3352 nominat.
1086 3298 1293 3352 Rectius
1312 3298 1427 3351 Ma-

405 3376 501 3429 nil.
524 3376 627 3439 IV,
644 3378 773 3449 637:
798 3404 819 3424 ι
836 3379 1168 3450 primamque
1186 3377 1431 3433 intrantis

406 3454 459 3507 in
496 3458 697 3509 Orbem
735 3458 934 3511 Oceani
973 3458 1244 3511 victricem
1286 3458 1430 3511 Ebu-

408 3552 555 3599 sum,
594 3548 647 3587 et
678 3536 942 3590 Balearica
979 3555 1144 3609 regna
1169 3563 1212 3587 ι.
1238 3536 1434 3592 Confer

406 3612 536 3665 Hiu.
565 3612 731 3667 Scan.
768 3646 837 3656 -—-
868 3620 1153 3681 Gymnesia.
1176 3615 1433 3688 Dionysio

408 3704 461 3745 et
493 3690 759 3745 Prisciano
794 3705 913 3746 sunt
940 3696 1258 3767 Gymnesiae.
1285 3694 1432 3748 Pari·

408 3784 510 3836 ter,
544 3781 601 3822 ut
620 3770 743 3836 hic,
772 3774 1011 3825 Avienus
1048 3774 1103 3827 in
1138 3776 1233 3828 Or.
1260 3777 1430 3828 marit.

414 3852 547 3918 467:
593 3850 747 3901 -Post
776 3848 887 3903 hnc
918 3870 1009 3921 per
1052 3851 1221 3905 undas
1260 3853 1432 3907 insula

412 3940 488 3981 est
528 3926 814 3999 Gymnesia
841 3970 855 3995 ‚
894 3930 1096 4003 Populo
1140 3932 1431 3985 incolarum

411 4024 531 4076 quae
565 4018 717 4059 vetus
750 4026 945 4063 nomen
974 4009 1117 4063 dedit
1138 4048 1152 4073 ‚
1191 4022 1328 4064 etc.»
1358 4030 1438 4064 se·-

412 4097 608 4158 quutus
634 4086 849 4140 Veteres
870 4129 885 4153 ,
920 4108 1052 4159 quos
1098 4089 1433 4161 reprehendit

1511 900 1693 972 Steph.
1741 901 1868 974 Byz.
1911 907 2217 976 ΙΜμνησίαι,
2273 901 2366 960 δύο
2401 915 2540 967 νῆσοι

1510 983 1622 1054 περὶ
1657 983 1745 1041 τὴν
1787 980 2101 1055 monuwa·
2143 988 2248 1054 σῦχ’
2279 987 2342 1048 ὥς
2377 1008 2537 1050 τινος.

1512 1063 1622 1132 μία.
1655 1062 1896 1114 Attamen
1918 1062 2073 1114 etiam
2097 1061 2315 1131 Strabo,
2338 1063 2428 1117 lib.
2447 1066 2504 1118 11
2520 1108 2539 1134 ,

1511 1157 1564 1210 p.
1605 1142 1700 1204 184
1721 1139 1790 1192 de
1809 1141 1994 1194 insulis
2007 1180 2023 1205 ,
2045 1145 2098 1196 οὗ
2115 1145 2315 1212 πολλαὶ,
2333 1140 2395 1199 ὃν
2419 1148 2540 1202 ticino

1512 1221 1544 1277 ἥ
1573 1241 1627 1274 τι
1659 1225 1914 1292 Γυμνησὶα
1942 1224 2026 1278 καὶ
2051 1213 2240 1286 ἐδυσος
2257 1256 2273 1284 ,
2317 1222 2419 1276 nisi
2464 1224 2538 1278 ibi

1513 1298 1792 1370 legendum
1813 1301 1878 1353 sit
1895 1303 1948 1355 αἶ
1973 1324 2030 1356 τι
2057 1304 2356 1376 Γυμνησῖαι,
2371 1316 2428 1356 ut
2445 1305 2540 1358 lib.

1515 1376 1602 1430 ΙΙΙ
1616 1414 1632 1440 ,
1654 1396 1772 1452 pag.
1796 1386 1923 1443 240:
1947 1384 2015 1436 .Δῖ
2034 1404 2088 1437 τι
2108 1385 2383 1456 ruffinam
2404 1392 2542 1444 νῆσοι

1512 1461 1827 1532 ‘sepontinum
1853 1464 2058 1519 πλησίον
2075 1499 2090 1522 ‚
2131 1464 2216 1518 καὶ
2251 1465 2284 1522 ἦ
2315 1454 2501 1529 ὲὸυσος
2521 1511 2538 1538 ,

1516 1538 1750 1610 ἀξιόλογοι
1775 1545 1926 1597 νῆσοι.
1965 1541 2134 1595 Scan.
2181 1574 2252 1581 —
2295 1543 2542 1597 Diversas

1513 1614 1956 1690 Geographorum
1988 1633 2225 1674 veterum
2259 1621 2544 1676 sententias

1514 1693 1584 1748 de
1605 1698 1846 1764 nomine,
1883 1717 2135 1768 numero,
2170 1701 2277 1754 situ
2306 1701 2544 1775 Gymne-

1515 1775 1714 1828 siarum
1735 1777 1814 1830 vel
1837 1777 2134 1832 Balearium
2153 1779 2442 1833 insularum
2461 1800 2544 1833 ex-

1517 1856 1670 1925 posui
1693 1856 1748 1908 in
1775 1855 2002 1911 Exercit.
2028 1857 2097 1912 de
2118 1861 2260 1914 Antt.
2281 1860 2396 1912 Bal.
2420 1881 2466 1913 c.
2500 1881 2546 1928 ι,

1515 1935 1544 2002 S
1566 1953 1609 2002 1,
1637 1953 1664 1987 a
1685 1954 1762 2008 sq.
1783 1938 1881 1991 W.
1896 1970 1967 1979 —
1987 1941 2271 2004 Gymnesia.
2301 1939 2546 1994 Baleares

1516 2013 1648 2068 duas
1675 2016 1801 2068 olim
1834 2015 2147 2089 Gymnesiae
2183 2017 2352 2073 dictas
2385 2021 2547 2072 fuisse

1515 2093 1816 2169 Geographi
1853 2111 2151 2150 memorant
2171 2136 2189 2162 ,
2220 2099 2318 2152 ἀπὸ
2353 2105 2437 2159 τῆς
2462 2119 2546 2172 γυ-

1517 2174 1739 2244 ‘md-mro<
1754 2215 1768 2237 ‚
1789 2177 1820 2228 i.
1843 2197 1890 2228 e.
1911 2196 1942 2229 a
1963 2177 2224 2240 nuditate,
2242 2178 2547 2250 quodinco-

1516 2253 1579 2305 lae
1627 2253 1761 2306 nudi
1813 2255 2125 2328 aliquandiu
2175 2258 2337 2310 vitam
2381 2261 2548 2330 egisse

1517 2331 1781 2387 dicantur.
1827 2335 2066 2391 Baleares
2105 2350 2280 2391 autem
2321 2339 2418 2391 ἀπὸ
2460 2346 2546 2392 τοῦ

1517 2413 1726 2479 βάλλειν,
1763 2416 1798 2467 i.
1823 2437 1870 2469 e.
1893 2436 1924 2469 a
1943 2418 2247 2489 jaculando,
2269 2420 2368 2473 En.

1588 2498 1709 2549 621.
1741 2504 1818 2549 Ac
1845 2501 2028 2551 dilecta
2065 2521 2200 2570 vago
2221 2504 2393 2570 pecori
2417 2521 2544 2553 con-

1517 2580 1678 2643 surgit
1695 2580 1902 2630 Ebusus.
1931 2578 2056 2633 Haec
2079 2580 2372 2651 probantur
2389 2580 2548 2633 Vete-

1517 2674 1637 2707 rum
1697 2656 2008 2711 testimoniis
2079 2658 2221 2731 apud
2293 2658 2546 2712 Bochart.

1517 2735 1685 2789 Chan.
1706 2736 1753 2802 1,
1779 2754 1894 2809 cap.
1925 2736 2012 2790 35.
2033 2736 2204 2791 Scan.
2221 2770 2293 2779 —
2315 2736 2548 2791 Adducit

1517 2814 1732 2886 quidem
1766 2816 2059 2869 Bochartus
2099 2816 2252 2889 plura
2287 2819 2546 2871 Veterum

1517 2894 1634 2947 loca
1654 2936 1670 2961 ,
1698 2895 1888 2966 quibus
1908 2910 2092 2949 natura
2113 2898 2276 2950 Ebusi
2299 2895 2550 2950 describi·

1515 2985 1634 3039 tur,
1672 2973 1809 3026 illud
1842 2994 1992 3043 vero,
2017 2975 2162 3047 quod
2181 2977 2418 3028 Avienus
2443 2976 2548 3029 hoc

1517 3053 1637 3106 loco
1662 3050 1729 3105 de
1757 3072 1820 3105 ea
1853 3052 2024 3107 insula
2062 3052 2342 3125 praedicat,
2381 3055 2547 3107 multa

1517 3131 1707 3184 aluisse
1733 3151 1926 3203 pecora
1949 3170 1964 3197 ,
1994 3146 2046 3186 et
2072 3134 2214 3187 bona
2235 3152 2433 3207 pascua
2453 3132 2550 3185 ba·

1517 3211 1692 3267 baisse
1709 3253 1724 3277 ,
1745 3211 1941 3266 diserto
1965 3213 2100 3266 alius
2120 3212 2389 3285 scriptoris
2408 3214 2549 3267 testi·

1520 3292 1700 3345 monio
1739 3290 1984 3346 nondum
2031 3291 2385 3365 adprobatum
2429 3291 2548 3365 legi.

1518 3370 1690 3425 Potest
1735 3382 1912 3425 tamen
1961 3370 2070 3425 huc
2124 3370 2262 3425 trahi
2327 3370 2548 3425 Diodori

1519 3450 1621 3503 sic.
1641 3450 1790 3504 locus
1809 3490 1824 3515 ,
1849 3450 2024 3515 lib.V,
2045 3472 2096 3525 p.
2121 3470 2240 3522 297,
2267 3451 2353 3505 ed.
2374 3448 2546 3503 Rhod.

1523 3530 1614 3581 ubi
1640 3528 1743 3596 ait,
1765 3530 1818 3582 in
1847 3532 2191 3602 proventibus
2223 3528 2409 3585 insulae
2445 3548 2550 3581 ma-

1522 3608 1661 3662 xime
1687 3609 2051 3663 commendari
2086 3610 2261 3663 lanam
2285 3653 2299 3676 ‚
2335 3621 2550 3681 propter

1519 3690 1777 3761 insignem
1800 3694 1912 3763 ejus
1937 3690 2226 3743 mollitiem.
2244 3689 2404 3743 Unde
2427 3708 2550 3741 oves

1521 3770 1686 3823 Ebusi
1706 3772 1927 3824 maxime
1951 3770 2190 3825 laudatas
2209 3771 2371 3823 fuisse
2387 3768 2550 3839 adpu-

1521 3863 1599 3901 ret
1617 3890 1632 3915 ‚
1671 3868 1803 3923 quas
1821 3862 1872 3903 et
1892 3849 2122 3903 Avienus
2145 3852 2246 3904 sub
2269 3854 2552 3919 vagi'peeo·

1523 3932 1586 3978 ris
1607 3930 1822 3982 nomine
1841 3930 2105 4002 praecipue
2124 3928 2382 3999 intelligit.
2415 3930 2547 3981 Nam

1523 4028 1651 4063 oves
1678 4022 1730 4061 et
1767 3996 1978 4081 capellssae
2017 4010 2188 4083 poetis
2236 4008 2342 4061 dici
2380 4008 2550 4080 solent

1523 4108 1678 4157 φασιν
1700 4102 1751 4142 et
1779 4104 2009 4143 errantes.
2029 4089 2223 4161 virgil.
2243 4087 2366 4141 Cul.
2390 4107 2441 4140 v.
2464 4092 2546 4157 47,
