2996 4685
667 385 1282 455 DESCRIPTIO
1354 386 1657 454 ORBIS
1724 386 2101 455 TERRAE.
2186 437 2198 450 ,

2322 383 2453 482 195

414 507 670 578 Oceani
703 508 1041 602 Hesperii,
1077 523 1286 578 tumet
1323 506 1460 578 illic
1496 508 1707 577 ardua
1743 507 1999 603 Calpe;

416 619 543 686 Hic
586 619 926 712 Hispanus
961 643 1143 714 ager,
1181 616 1376 688 tellus
1410 618 1503 688 ibi
1540 618 1723 688 dives
1757 618 2067 688 Iberum:

416 730 898 824 Tartessusque
933 753 1132 824 super
1163 727 1574 800 sustollitur:
1624 728 1911 822 indeque
1948 731 2217 824 Cempsi
2379 757 2457 798 aa„

419 841 608 910 Gens
649 840 822 934 agit,
852 841 922 908 in
963 841 1154 933 rupis
1197 839 1472 932 vestigia
1514 842 1843 931 Pyrenaeae

395 1065 517 1138 478.
549 1066 738 1116 Oceani
767 1067 1017 1132 Hesperii,
1049 1079 1199 1116 namet
1235 1067 1351 1116 illic.

324 1144 518 1198 Malam
554 1143 659 1197 hoc
696 1144 816 1197 loco
849 1141 1241 1197 distinctionem
1272 1161 1352 1197 se-

323 1223 508 1294 quitur
533 1222 826 1276 Burmann.
856 1221 926 1275 ad
955 1221 1110 1275 Ovid.
1129 1221 1258 1275 Her.
1281 1225 1352 1290 V,

330 1303 447 1357 138.
482 1305 668 1355 Oceani
694 1303 918 1370 Hesperii
941 1313 1066 1356 nota
1099 1314 1177 1356 est
1197 1321 1347 1376 repe-

324 1382 441 1436 titio
459 1381 659 1455 proprii
681 1399 806 1458 cuni
833 1378 1209 1434 additamento.
1231 1383 1350 1435 Cte-

322 1473 498 1514 terum
517 1461 706 1514 melius
729 1459 1017 1531 scripsisset
1035 1461 1265 1514 Avienus
1291 1461 1346 1514 in

324 1539 472 1594 hunc
505 1537 760 1594 modum:
794 1563 817 1584 ·
838 1539 1035 1592 Oceani
1067 1539 1346 1612 Hesperii:

327 1618 483 1672 tellus
501 1619 575 1671 ibi
602 1617 754 1672 dives
772 1617 986 1671 rherum
1001 1656 1016 1682 ‚
1040 1617 1142 1672 Hic
1161 1617 1348 1690 Hispa·

325 1715 427 1754 nus
459 1717 614 1770 ager,
641 1710 812 1752 tumet
841 1697 950 1750 illic
975 1695 1143 1752 ardua
1165 1697 1350 1769 Calpe,

318 1777 702 1850 Tartessusque
756 1795 912 1850 super
973 1777 1268 1829 sustollitur
1303 1804 1346 1830 a.

318 1856 485 1928 Calpe
511 1857 656 1908 enim
681 1857 734 1907 in
753 1855 998 1933 ⁸Hispano
1016 1857 1162 1918 solo;
1185 1855 1350 1927 igitur

322 1933 574 2006 Hispania
593 1933 745 2003 prius
770 1932 1052 1987 memorari
1081 1931 1349 1988 debuerat.

320 2015 444 2066 Non
496 2024 675 2064 tamen
721 2023 904 2084 putem
957 2011 1026 2064 ita
1078 2012 1354 2085 scripsisse

323 2093 578 2146 Nostrum
603 2132 621 2157 ,
675 2089 768 2144 sed
829 2089 1120 2146 desultor-io
1175 2093 1351 2166 potius

321 2189 469 2226 more
493 2170 676 2242 egisse.
708 2171 957 2222 Preterea
986 2170 1266 2226 ohservare
1283 2171 1352 2225 ad

321 2249 377 2303 h.
399 2249 438 2302 l.
459 2250 614 2303 liceat
632 2287 648 2314 ,
675 2249 813 2302 male
841 2246 982 2321 apud
1015 2250 1229 2324 Dionys.
1248 2251 1350 2323 legi

323 2325 488 2390 men
515 2348 615 2403 pro
633 2331 839 2388 Κῶπαι.
865 2331 1050 2389 Restm)
1080 2344 1256 2387 autem
1277 2332 1350 2387 le·

323 2410 553 2483 gendum
577 2428 638 2463 ex
666 2408 878 2463 duobus
903 2408 1125 2485 interpp.
1147 2412 1350 2466 Avieno

323 2503 376 2543 et
401 2490 568 2547 Prisc.
607 2490 870 2561 precipue
897 2508 1066 2560 quum
1102 2489 1235 2549 illud
1269 2510 1352 2545 res

323 2570 438 2643 ipsa
480 2568 724 2641 postulet.
761 2566 1065 2621 Eustnthius
1109 2580 1159 2621 et
1200 2582 1352 2627 vetus

323 2648 580 2721 interpres
613 2644 680 2700 de
713 2646 909 2699 mendo
940 2647 1147 2711 securi,
1183 2666 1350 2721 quum

324 2739 500 2781 tamen
528 2724 774 2798 expedire
807 2745 862 2780 se
893 2726 1122 2791 vellent,
1157 2726 1350 2801 duplex

327 2824 523 2859 nomen
585 2802 822 2877 ejusdem
884 2806 988 2859 loci
1044 2805 1310 2859 finxerunt
1337 2848 1356 2875 ,

327 2888 511 2944 Κάλπη
541 2898 590 2938 et
609 2878 774 2943 Ᾰλὺὅπ
791 2924 804 2945 ,
826 2904 1055 2957 quorum
1078 2884 1210 2938 illud
1227 2886 1353 2938 Bar-

327 2964 499 3032 baris,
539 2966 641 3017 hoc
682 2962 882 3018 Graecis
925 2964 980 3019 in
1017 2983 1116 3017 usu
1150 2964 1352 3019 fuisset.

327 3043 489 3096 Scan.
518 3076 588 3083 --
608 3046 794 3095 Oceani
811 3046 1033 3113 Hesperii
1057 3060 1208 3095 tumet
1229 3048 1352 3104 illic,

328 3122 406 3175 sic
443 3122 606 3195 Cusp.
647 3137 698 3176 et
729 3122 860 3175 Pith.
889 3112 1040 3193 (nam
1083 3122 1230 3197 quod
1265 3123 1353 3177 hic

329 3212 582 3273 praeterea
621 3217 722 3253 tum
758 3216 808 3251 et
839 3200 1002 3254 habet
1037 3222 1138 3273 pro
1175 3218 1349 3266 tumet,

329 3279 669 3333 manifestum
709 3277 963 3332 mendum
995 3283 1116 3348 est.)
1153 3280 1358 3335 Hudso-

331 3378 433 3414 nus
487 3358 623 3412 bene
670 3357 906 3411 distinxit
949 3374 1064 3431 post
1122 3365 1357 3429 Hesperii.

333 3437 606 3493 vadianus
629 3456 757 3492 vero
783 3438 1010 3490 mutavit
1041 3442 1227 3490 Occasu
1255 3444 1356 3491 He-

331 3524 514 3588 sperio,
543 3533 694 3571 ceeenee
717 3520 841 3577 illic,
869 3528 967 3569 etc.
1005 3549 1074 3557 —-
1112 3516 1218 3570 Sed
1253 3518 1359 3572 hoc

334 3599 611 3652 manifeste
633 3596 880 3649 vitiosum
905 3606 997 3649 est.
1017 3596 1124 3650 En.

408 3679 524 3741 480.
551 3682 896 3745 Tartessmque
913 3694 1056 3743 snper
1074 3681 1359 3729 sustollitun

337 3756 499 3810 Prisc.
528 3775 582 3809 v.
617 3756 748 3809 335:
776 3756 990 3821 -Quam
1021 3774 1184 3827 supra
1212 3754 1358 3810 dives

337 3849 389 3890 et
427 3836 530 3889 alta
548 3836 880 3889 Tartessius».
915 3832 1016 3889 Sed
1051 3834 1360 3907 DionysiuS,

1441 1081 1488 1113 v.
1517 1065 1581 1119 51
1598 1081 1645 1136 ι,
1677 1063 1807 1130 (ubi
1832 1082 1927 1132 pro
1954 1068 2211 1137 ἐφύπερθεν
2241 1061 2346 1114 alio
2370 1080 2455 1114 re-

1437 1154 1618 1216 spectu
1646 1145 1897 1214 ὑπένερθεν
1928 1141 2033 1196 dici
2062 1163 2217 1216 posse
2234 1181 2251 1210 ,
2274 1143 2459 1196 Eusta-

1435 1219 1577 1274 thius
1586 1221 2459 1292 monet).Scnlt.—IndequeCempsi.

1439 1303 1823 1374 Knpspotcontm
1844 1301 2161 1373 Ceporinum
2178 1317 2227 1358 et
2246 1301 2463 1356 Hillium

1437 1379 1697 1434 tuendum
1725 1398 1915 1433 censeo
1952 1398 2013 1433 ex
2032 1379 2233 1434 Avieno
2268 1395 2319 1435 et
2346 1379 2461 1434 Pri-

1437 1460 1634 1513 sciano.
1663 1459 1895 1514 Avienus
1920 1459 2061 1513 enim
2090 1458 2179 1513 hic
2203 1461 2465 1536 copiosior

1439 1538 1727 1612 Dionysio,
1754 1552 1805 1592 et
1846 1557 1906 1590 ex
1944 1537 2059 1592 aliis
2098 1537 2318 1592 edoctus
2357 1538 2463 1593 late

1439 1637 1687 1690 regnasse
1732 1617 2011 1691 significat.
2062 1619 2231 1674 Sena.
2288 1619 2463 1674 Celtas

1438 1715 1597 1770 supra
1644 1697 1961 1770 Dionysius,
2003 1717 2055 1750 ν.
2118 1699 2217 1751 288
2234 1740 2249 1764 ,
2296 1699 2457 1752 Prisc.

1443 1794 1547 1846 ²79
1559 1816 1575 1843 ,
1588 1774 1796 1842 (Gallos
1813 1775 1995 1828 Avien.
2014 1779 2137 1844 422)
2152 1777 2470 1842 nominavit,

1441 1867 1492 1907 et
1519 1865 1637 1925 post
1661 1854 1941 1928 Pyrenaeos
1962 1853 2029 1908 ad
2048 1853 2272 1908 fluvium
2294 1875 2464 1928 usque

1439 1931 1729 1986 Eridanum
1777 1933 2070 1986 collocavit.
2133 1933 2305 2006 Igitur
2369 1937 2461 2007 qui

1441 2011 1693 2082 Cempsos
1732 2010 1837 2065 hoc
1878 2013 1996 2066 loco
2042 2011 2253 2068 extendi
2299 2031 2465 2086 usque

1441 2090 1509 2145 ad
1528 2091 1731 2146 radices
1750 2093 1985 2168 Pyrenaei
2003 2093 2129 2146 dicit
2146 2132 2162 2158 ‚
2178 2093 2337 2148 Celtis
2354 2114 2463 2150 non

1439 2171 1757 2240 nominatis,
1780 2172 1879 2226 hos
1920 2173 2140 2228 fortasse
2174 2193 2273 2248 pro
2308 2175 2464 2247 Ceni-

1440 2267 1661 2320 psorum
1688 2252 1981 2324 propagine
2002 2250 2188 2306 habuit
2200 2292 2217 2320 ,
2236 2273 2463 2325 quorum

1440 2328 1656 2382 nomine
1684 2332 1842 2384 etiam
1873 2331 2032 2385 Celtae
2070 2333 2460 2387 contineantur.

1441 2406 1601 2461 Unde
1620 2410 1851 2463 Avienus
1879 2411 2227 2482 Cempsorum
2254 2426 2461 2485 gentem

1441 2485 1571 2540 dicit
1606 2490 1832 2560 populos
1860 2488 2176 2561 protendere
2202 2488 2269 2543 ad
2297 2482 2463 2565 Pyre-

1440 2585 1585 2619 noeos
1622 2579 1841 2621 montes.
1882 2568 2014 2619 Nam
2057 2569 2227 2641 gentis
2264 2590 2465 2624 nomen

1439 2644 1595 2699 latius
1634 2659 1845 2717 patere,
1879 2646 2063 2719 populi
2108 2648 2187 2701 vel
2234 2650 2465 2703 nationis

1441 2726 1542 2777 suh
1568 2744 1631 2775 eo
1661 2726 1947 2789 contineri,
1966 2726 2069 2779 viri
2088 2724 2231 2779 docti
2253 2727 2316 2780 ad
2338 2730 2467 2783 Tac.

1440 2802 1619 2857 Germ.
1644 2823 1669 2855 2
1690 2841 1703 2865 ,
1724 2822 1779 2873 7,
1802 2817 1850 2855 et
1875 2804 2052 2877 Agric.
2086 2824 2144 2858 ι2
2165 2846 2178 2867 ,
2210 2825 2229 2857 1
2256 2809 2465 2873 ,obser-

1442 2895 1582 2935 νοοῖ.
1616 2882 1683 2933 Et
1716 2882 1910 2934 Noster
1958 2884 2114 2955 plane
2160 2884 2265 2938 hoc
2307 2907 2461 2941 seusu

1443 2974 1729 3033 utrumque
1765 2976 1986 3034 usurpat
2012 2982 2056 3015 v.
2094 2964 2245 3017 1332.
2269 2964 2366 3019 W.
2398 2998 2463 3009 —-

1449 3045 1785 3111 Tartesiusque
1838 3062 1983 3111 super
2034 3042 2177 3095 Pith.
2212 3050 2465 3097 Tartesos-

1442 3142 1538 3191 que
1563 3122 1729 3197 Cusp.
1758 3127 2098 3191 Ten-tenusque
2124 3122 2263 3175 vad.
2294 3124 2465 3177 Huds.

1445 3204 1652 3268 indeque
1678 3202 1820 3251 Censa’
1840 3202 1975 3253 Ven.
2015 3206 2204 3271 Cempsi
2236 3204 2465 3255 correxit

1444 3280 1639 3335 Catius
1669 3319 1685 3343 ,
1706 3279 1887 3331 adnot.
1915 3278 1983 3332 ad
2019 3279 2176 3333 Dion.
2222 3280 2469 3353 idemque

1444 3370 1807 3430 expresserunt
1832 3358 1995 3429 Cusp.
2018 3358 2162 3412 vad.
2190 3358 2323 3412 Pith.

1519 3438 1643 3503 481.
1678 3440 1806 3486 Gens
1829 3440 1935 3505 agit
1950 3475 1963 3486 .
1982 3478 1994 3488 .
2013 3475 2024 3485 .
2046 3442 2342 3491 Protendens
2365 3462 2463 3511 Jus-

1439 3520 1601 3585 pulos.
1625 3514 1886 3587 Compara
1903 3534 2111 3568 versum
2136 3518 2469 3573 1332:··nuuc

1448 3594 1625 3647 multa
1679 3592 1908 3667 denique
1968 3596 2139 3667 gentis
2182 3598 2467 3651 Absolvam

1445 3673 1741 3747 populos-2
1770 3674 1825 3725 in
1866 3694 1973 3746 quo
2012 3686 2187 3728 tamen
2225 3680 2468 3751 exemplo

1449 3754 1535 3805 vix
1549 3752 1849 3825 adquiesco.
1876 3753 2076 3807 Heinsii
2093 3760 2470 3829 conjecturam,

1445 3838 1668 3901 scopulos
1696 3852 1794 3904 pro
1812 3838 2052 3901 populos,
2084 3848 2132 3889 et
2163 3834 2321 3907 Higtii
2350 3846 2471 3890 Pru·

338 3938 390 3969 v.
430 3914 531 3968 336
563 3912 726 3967 habet
762 3917 1086 3987 ims'vspemet
1115 3914 1358 3967 Eustath.
1437 3915 1656 3981 pendens
1702 3932 1801 3983 pro
1869 3918 2167 3965 Pron-ndens
2224 3916 2471 3991 legentis,

337 3988 432 4053 ὁτι
460 4000 674 4049 κάτωθεν
698 4000 786 4056 τῆς
809 3997 1026 4065 hubeis-ng
1052 3988 1241 4057 Ᾰ>.ὑ8ης
1265 4034 1278 4045 .
1303 4035 1315 4045 .
1336 4035 1349 4047 .

339 4074 602 4128 Nimirum
631 4074 870 4147 legerunt
889 4073 1028 4145 apud
1050 4072 1362 4145 Dionysium

343 4160 600 4227 ἐφύπερθε,
628 4172 736 4207 non
773 4156 1021 4225 ὑπένερθε·
1048 4155 1114 4207 cf.
1146 4152 1366 4225 Dionys.

1450 3992 1671 4065 probare
1695 4010 1800 4048 nou
1828 4012 2034 4063 possum
2057 4015 2074 4057 ;
2098 4014 2195 4049 nec
2224 3997 2477 4051 Camenis

1453 4070 1521 4125 ud
1534 4071 1746 4124 Flor.11
1762 4112 1777 4139 ,
1800 4091 1879 4145 17,
1896 4094 1943 4138 2,
1959 4093 2009 4145 p.
2034 4074 2133 4137 405
2148 4078 2381 4141 ,hal-icae,
2398 4080 2479 4132 vel

1455 4155 1615 4219 agitat
1656 4172 1757 4223 pro
1801 4156 1925 4221 agie.
1973 4154 2134 4207 Senti.
2164 4162 2303 4205 -Ιη
2348 4160 2483 4223 rupis·

2101 4242 2201 4310 13.
