2996 4685
541 360 640 444 44
949 359 1111 427 -DE
1167 353 1799 432 CARMINIBUS
1858 355 2231 430 Av-IENI.

537 486 1006 576 impedimenta
1039 506 1138 553 sat
1169 491 1382 578 gravia
1401 540 1420 573 ,
1453 513 1598 580 quae
1632 492 1740 555 ille
1774 489 1993 553 multis
2026 488 2474 553 molitionibus
2508 511 2674 578 aegre

541 609 878 658 amovere:
913 595 1149 682 potuit.
1215 596 1414 660 Flavii
1472 617 1759 678 nomen,
1798 595 2049 660 Aviano
2105 593 2434 676 additum,
2494 594 2677 682 quod

540 699 680 787 ipse
711 700 1216 791 Cannegieterus
1244 701 1488 767 fatetur
1534 724 1669 767 non
1720 701 1843 766 nisi
1880 723 2027 766 sero
2072 723 2109 764 e
2157 699 2381 790 gentili
2416 705 2676 790 p'raeno-

537 827 696 870 men
727 807 969 871 factum
985 855 1004 888 ,
1047 829 1262 897 neque
1288 825 1440 873 ante
1473 807 1885 873 Constantini
1926 824 2219 895 tempora
2257 807 2431 870 inter
2462 806 2674 894 priva-

539 925 645 976 tos
685 911 1211 1000 frequentatum3
1252 913 1409 978 item
1441 912 1830 995 Theodosii,
1878 913 1986 978 cui
2035 912 2343 1000 inscripta
2386 911 2675 999 praefatio

539 1016 770 1080 Aviani
791 1033 935 1099 est,
971 1040 1214 1082 nomen
1249 1017 1547 1084 Graecum
1570 1068 1589 1102 ,
1640 1041 1855 1107 neque
1899 1018 2085 1082 facile
2134 1018 2304 1106 inter
2341 1019 2675 1082 Romanos

539 1137 688 1186 ante
719 1138 1010 1212 tempora
1027 1121 1379 1188 Theodosii
1398 1123 1621 1214 Magni
1646 1122 2115 1213 reperiundum
2136 1147 2155 1206 3
2174 1123 2314 1186 hoec
2326 1172 2344 1204 ,
2368 1123 2633 1210 inquam
2652 1171 2671 1204 ,

537 1227 842 1311 nomina,
893 1252 1040 1317 quae
1083 1215 1573 1319 quodammodo
1621 1231 1883 1320 signum
1930 1245 1996 1294 et
2044 1229 2483 1300 characterem
2530 1227 2673 1292 effi·

457 1371 462 1378 -
537 1332 722 1397 ciunt
767 1335 968 1402 aetatis
1013 1335 1147 1415 ejus
1165 1385 1184 1419 ,
1233 1359 1362 1424 qua
1402 1339 1723 1400 Avianum
1764 1336 1995 1402 vixisse
2050 1335 2283 1398 merito
2332 1348 2673 1422 putamus,

537 1439 687 1526 quis
740 1463 875 1504 non
937 1439 1150 1506 videat
1205 1465 1621 1530 summopere
1680 1463 2041 1531 repugnare
2064 1489 2081 1523 ,
2146 1463 2281 1529 quo
2335 1440 2553 1504 minus
2604 1439 2673 1502 in

533 1559 829 1633 tempora
851 1546 1338 1612 Antoninorum
1368 1544 1841 1612 transferatur?
1862 1547 1946 1611 Et
1968 1547 2083 1636 qui
2113 1545 2195 1610 ad
2222 1541 2675 1611 vindicandam

534 1649 626 1714 illi
657 1675 794 1716 aevo
825 1652 1202 1717 latinitatem
1234 1655 1502 1736 Aviani,
1550 1676 1896 1742 naevosque
1927 1651 2077 1743 styli
2111 1654 2321 1718 varios
2352 1668 2418 1716 et
2450 1650 2678 1716 multi-

531 1757 730 1846 plices
767 1757 1079 1824 eluendos
1098 1808 1115 1841 ,
1143 1760 1517 1850 insumptus
1550 1776 1648 1825 est
1678 1761 1883 1842 labor,
1921 1759 2070 1827 licet
2101 1759 2208 1823 ille
2240 1759 2523 1848 egregias
2557 1758 2677 1822 ob-

530 1864 926 1928 servationes
976 1880 1042 1929 et
1085 1887 1351 1955 magnas
1411 1866 1795 1931 eruditionis
1844 1887 2002 1955 opes
2049 1864 2300 1952 ubique
2344 1865 2673 1945 conferat,

531 1981 750 2032 tamen
783 1969 872 2034 ita
904 1988 1313 2059 comparatus
1353 1989 1484 2055 est,
1522 1990 1600 2037 ut
1647 1973 1972 2062 plerisque
2013 1971 2083 2034 in
2125 1970 2283 2034 locis
2324 1968 2675 2034 collocatus

531 2073 602 2136 in
633 2095 907 2158 vanum,
939 2092 1006 2141 et
1035 2099 1158 2142 suo
1195 2079 1435 2142 effectu
1469 2078 1736 2143 destitui
1770 2077 2088 2160 videatur,
2118 2078 2491 2164 relectoque
2526 2087 2677 2164 post

536 2194 639 2242 tot
672 2178 982 2246 vindicias
1013 2199 1198 2247 textu
1222 2173 1727 2264 Aviani,'nihilo
1770 2183 1986 2248 minus
2036 2183 2307 2247 infantia
2340 2198 2406 2247 et
2443 2181 2675 2246 balbu-

533 2285 658 2349 ties
685 2289 967 2354 auctoris
987 2339 1004 2367 ,
1043 2289 1309 2354 meliore
1337 2311 1474 2353 aevo
1507 2287 1807 2378 indigna,
1843 2290 2067 2374 lectori
2101 2291 2203 2355 vel
2237 2289 2443 2354 invito
2476 2287 2676 2377 adpa-

531 2407 689 2457 reat.
724 2394 862 2483 Ego
895 2393 1165 2482 quidem
1191 2395 1529 2459 veritatem
1553 2396 1725 2459 ultro
1753 2416 1823 2459 se
1846 2395 2228 2460 offerentem
2258 2395 2671 2483 amplectens,

533 2513 634 2580 et,
671 2498 834 2587 quid
876 2500 984 2564 alii
1029 2520 1306 2588 operose
1355 2515 1682 2587 quaerant,
1731 2500 2130 2584 incuriosus,
2172 2502 2355 2565 omni
2396 2500 2675 2565 adsensu

535 2603 799 2695 dignam
856 2606 1113 2692 reperio
1171 2606 1595 2688 sententiam,
1648 2630 1686 2671 a
1738 2608 2062 2695 plerisque
2115 2624 2473 2697 receptam,
2531 2630 2675 2695 quae

455 2735 463 2742 ·
531 2712 828 2775 Flavium
863 2710 1186 2774 Avianum
1217 2710 1657 2776 Theodosiani
1702 2713 1820 2775 tevi
1863 2713 2280 2803 scriptorem,
2326 2736 2447 2777 nec
2490 2736 2677 2777 eum-

532 2815 685 2880 dem
725 2838 880 2879 cum
915 2816 1110 2881 Festo
1140 2817 1428 2900 Avieno,
1473 2817 1589 2883 sed
1608 2818 1779 2883 huic
1814 2834 2000 2884 aetate
2036 2842 2422 2908 supparem,
2460 2819 2677 2883 existi-

531 2938 670 2985 mat
710 2920 840 3008 (1),
880 2920 1328 2989 Theodosium
1377 2941 1630 3007 autem,
1688 2926 1797 2989 mi
1846 2924 2151 2989 dedicata}
2196 2939 2355 2989 sunt
2402 2925 2633 2988 fabulae
2654 2974 2671 3001 ‚

535 3048 674 3089 non
707 3025 936 3109 alium,
968 3049 1163 3113 quam
1193 3028 1597 3094 Macrobium
1618 3028 2063 3094 Theodosium
2082 3078 2099 3112 ,
2126 3030 2637 3095 Grammaticum
2655 3079 2672 3112 ,

533 3130 1052 3196 saturnaliorum
1087 3150 1454 3216 auctorem,
1492 3135 1845 3199 arbitratur
1877 3134 1991 3222 (2).
2046 3134 2246 3219 Quod
2276 3151 2505 3200 auctor
2529 3134 2672 3198 Ma-

569 3443 576 3452 „
607 3378 688 3445 (ῐι)
719 3375 894 3431 Etiam
921 3377 1026 3431 hoc
1056 3377 1276 3433 sortasse
1293 3379 1476 3450 junior
1502 3389 1583 3431 est
1620 3380 1798 3431 Lotus
1836 3377 2104 3443 Avianus,
2148 3379 2301 3450 cujus
2342 3372 2669 3447 epigramma

533 3464 595 3523 in
625 3476 762 3533 opus
785 3463 1038 3522 mnis-i
1071 3466 1300 3536 Capella
1341 3486 1406 3521 ex
1439 3466 1611 3519 veteri
1650 3466 1835 3520 codice
1866 3464 2115 3539 produxit
2150 3464 2395 3517 Bar-thius
2410 3502 2425 3525 ,
2452 3462 2670 3517 Adfers.

535 3553 730 3607 XVIII
749 3570 908 3624 ,=cap.
935 3554 1028 3607 ult.
1053 3565 1108 3607 et
1129 3572 1190 3609 ex
1215 3576 1281 3611 eo
1309 3556 1488 3609 Burm-
1518 3557 1577 3607 in
1606 3554 1748 3609 Addt
1776 3554 1843 3608 sd
1880 3566 2007 3608 tom.
2033 3555 2060 3606 1
2083 3552 2305 3607 Anthol.
2332 3550 2449 3605 Lat.
2476 3570 2529 3623 p.
2549 3552 2670 3623 738.

535 3640 718 3693 Alium
749 3641 1010 3695 Avisnum
1037 3642 1136 3697 viri
1161 3644 1305 3698 docti
1333 3644 1390 3696 in
1417 3645 1642 3716 antiquo
1668 3642 1787 3699 cod.
1812 3644 1989 3715 Mspto
2026 3642 2326 3695 fabularu-
2368 3641 2568 3713 Hygini
2594 3641 2673 3693 in-

537 3742 830 3791 venerunt,
859 3730 950 3801 qui
973 3742 1214 3799 testetur,
1229 3750 1288 3785 se
1307 3732 1591 3803 epitomen·
1600 3732 1897 3786 fabularum
1919 3748 2103 3785 esrum
2128 3730 2308 3783 fecisse
2324 3770 2341 3797 ‚
2368 3746 2489 3801 qua
2508 3729 2673 3783 hodie

531 3815 644 3897 sul.)
674 3815 874 3888 Hygini
917 3819 1138 3873 nomine
1170 3830 1392 3873 exstant.
1412 3819 1541 3874 Vid.
1576 3820 1757 3874 Barth.
1789 3819 1923 3876 Λᾶν.
1942 3820 2059 3883 vl,
2110 3834 2209 3881 ²²3
2244 3817 2351 3869 Th.
2378 3817 2575 3870 Galeus
2611 3816 2667 3869 in

533 3903 680 3957 Diss.
708 3904 776 3959 de
809 3907 1158 3979 scriptoribus
1191 3908 1569 3981 mytholossicis
1587 3945 1605 3974 ,
1630 3928 1683 3981 p.
1710 3914 1809 3975 4ο,
1834 3920 1886 3961 et
1906 3907 2009 3962 Th.
2038 3904 2331 3959 unuln-u·
2354 3904 2409 3956 in
2438 3907 2575 3959 Diss.
2600 3904 2671 3957 de

529 4004 749 4047 sueton
775 3992 1001 4066 luythol.
1021 3994 1248 4066 Hygini.

603 4114 680 4181 (a)
717 4108 876 4175 Quod
900 4111 1140 4183 inprimis
1167 4113 1413 4182 probavit
1439 4114 1590 4167 Paul.
1612 4114 1938 4167 Colomesius
1953 4151 1970 4177 ,
1988 4101 2187 4185 Opusc.²
2198 4101 2423 4184 'cap-38
2442 4153 2457 4178 ,
2488 4132 2535 4183 p.
2560 4131 2627 4180 90
2648 4148 2667 4175 ,
