2996 4685
577 374 717 458 436

1322 383 1400 446 R.
1453 382 1526 448 F.
1581 383 1949 454 AVIENI

783 499 1096 591 Geryona
1129 501 1467 593 quondam
1504 521 1965 598 nuncupatum
1980 535 1987 538 ·
2003 507 2403 602 accepimus.

769 607 898 676 Hic
939 633 1056 677 ora
1099 607 1230 679 late
1272 626 1429 679 sunt
1465 613 2027 702 sinus'Tartessii3

764 721 1100 814 Dictoque
1139 721 1226 790 ab
1263 724 1442 790 amni
1481 724 1552 792 in
1589 725 1729 795 haec
1764 725 2063 796 locorum
2100 730 2439 823 puppibus

763 832 888 900 Via
927 847 1026 900 est
1067 832 1232 901 diei:
1271 834 1531 904 Gaddir
1566 836 1677 904 hic
1712 837 2213 933 estoppidum:

763 945 940 1012 Nam
977 945 1386 1013 Punicorum
1424 945 1651 1041 lingua
1688 947 2337 1042 conseptum‘locum

763 1053 1024 1122 Gaddir
1067 1055 1384 1126 vocabat:
1425 1058 1569 1150 ipsa
1604 1063 1949 1128 Tartessus
1990 1060 2180 1153 prius
2400 1135 2407 1143 ,

766 1166 1256 1258 Cognominata
1297 1183 1426 1254 est3
1456 1166 1669 1238 multa
1704 1184 1771 1238 et
1804 1167 2087 1263 opulens
2124 1170 2355 1239 civitas
2631 1203 2711 1242 ’το

559 1397 724 1462 pionis
745 1393 938 1446 habeat
951 1431 967 1457 ‚
996 1407 1186 1448 caetera
1210 1396 1460 1468 praferre
1479 1399 1593 1453 sine

567 1472 672 1524 ulla
727 1471 1057 1526 dubitatione
1112 1479 1378 1540 Geryonis,
1435 1476 1590 1530 etiam

569 1551 983 1606 Salmanticense
1064 1553 1282 1624 aliquod
1363 1558 1593 1629 peranti-

569 1648 756 1701 quum.
781 1631 924 1683 Tum
958 1632 1231 1688 contendit
1251 1674 1267 1700 ‚
1305 1635 1592 1690 emendan-

569 1707 698 1762 dum
725 1709 894 1764 videri
919 1712 1230 1768 Strabonem
1251 1753 1267 1778 ,
1301 1715 1392 1786 qui
1418 1720 1593 1786 Capio-

568 1791 645 1847 qn‘s
671 1794 838 1841 eut-rim
866 1790 1057 1844 habeat
1075 1830 1090 1854 ,
1131 1794 1387 1865 proclivi,
1416 1808 1476 1849 ut
1503 1795 1590 1858 fit,

571 1868 884 1940 migratione
909 1877 994 1922 τοῦ
1029 1871 1076 1922 G
1106 1873 1162 1924 in
1191 1875 1245 1924 τὸ
1280 1875 1323 1926 C
1345 1911 1359 1938 ,
1399 1890 1450 1928 et
1473 1894 1593 1946 pro-

567 1958 683 2018 pter
709 1947 1112 2003 similitudinem
1141 1951 1410 2006 literarum
1431 1991 1448 2017 ‚
1487 1973 1593 2025 qua

567 2041 821 2082 notantur
843 2028 886 2080 P
906 2031 1209 2082 Romanum
1230 2043 1281 2083 et
1307 2033 1352 2083 R
1379 2033 1594 2086 Graeco·

564 2127 702 2160 rum.
721 2108 844 2160 Haec
863 2109 1099 2162 Nunnes.
1119 2110 1176 2162 Si
1197 2115 1434 2176 Geryonis
1456 2111 1595 2184 lega·

567 2206 708 2249 mus,
728 2207 911 2240 versus
933 2189 1135 2259 aliquot
1153 2190 1410 2243 excidisse
1425 2191 1596 2260 suspi-

568 2283 679 2317 cor.
727 2267 896 2318 Huns.
937 2297 1009 2306 —
1061 2268 1173 2338 Ego
1221 2287 1348 2320 vero
1401 2288 1497 2321 nec
1540 2269 1594 2319 in

567 2357 747 2397 nostro
784 2346 976 2398 Avieni
1017 2348 1134 2398 loco
1179 2347 1458 2401 lectionem
1500 2353 1595 2399 Ge·

568 2427 734 2488 ryom's
791 2424 966 2476 locum
1022 2424 1220 2477 habere
1282 2430 1591 2498 putaverim·

566 2502 703 2554 Nam
731 2500 891 2566 dicit,
937 2522 1110 2556 arcem
1147 2523 1261 2556 eam
1300 2519 1482 2559 tenere
1508 2527 1595 2561 ve-

565 2592 764 2633 tustum
790 2599 982 2633 nomen
1003 2580 1234 2636 Gracia.
1247 2584 1379 2638 Tale
1396 2604 1593 2641 nomen

567 2662 794 2711 Gerontis
830 2671 936 2722 est,
985 2679 1087 2713 non
1133 2665 1394 2726 Geryonis,
1437 2667 1591 2737 quod

565 2750 641 2789 est
677 2740 950 2812 proprium
984 2742 1119 2812 regis
1149 2740 1367 2796 minime
1400 2744 1590 2799 Groeci.

565 2816 634 2868 Et
673 2837 948 2873 recurrens
984 2838 1056 2872 vs.
1092 2820 1195 2883 304
1227 2826 1451 2875 Gerontis
1489 2846 1591 2877 arx

563 2910 760 2949 certam
785 2916 896 2949 esse
929 2899 1239 2969 scripturam
1269 2900 1478 2957 indicat.
1497 2904 1592 2955 Vi-

563 2972 720 3027 detur
733 2976 903 3027 nihilo
917 2978 1094 3029 minus
1108 2978 1354 3033 Gerontis
1373 2984 1591 3037 nomine

560 3053 785 3123 intelligi
825 3054 1073 3125 antiquus
1110 3076 1201 3109 rex
1253 3071 1303 3111 et
1341 3062 1590 3135 princeps

563 3130 737 3201 gentis
755 3172 769 3192 ,
789 3132 962 3203 qualis
982 3138 1098 3204 ipse
1121 3134 1338 3207 Geryon
1357 3135 1473 3207 fuit,
1497 3154 1590 3195 aut

565 3212 802 3277 Gargaris
817 3249 831 3271 ,
871 3229 1029 3282 quem
1075 3212 1460 3270 Tartessiorum
1507 3240 1589 3273 re-

561 3308 683 3361 gem
729 3302 1004 3360 nuncupat
1043 3290 1229 3344 sustin.
1273 3296 1472 3357 XLIV,
1521 3305 1587 3365 4,

559 3383 653 3420 aut
671 3408 686 3433 ,
715 3367 858 3441 qnod
885 3370 1052 3441 magis
1079 3372 1585 3445 velim,Argantho-

563 3448 704 3509 nius,
727 3446 960 3501 Tartessi
987 3467 1077 3501 rex
1097 3486 1112 3511 ,
1152 3452 1246 3523 qui
1281 3465 1492 3507 centum
1535 3467 1587 3509 et

560 3524 744 3594 viginti
791 3546 989 3594 annos,
1027 3530 1109 3581 vel
1159 3542 1419 3586 trecentos
1455 3534 1589 3589 adeo

561 3602 960 3670 vixisse‘fertur,
985 3606 1222 3679 adeoque
1249 3616 1471 3666 Gerontis
1491 3634 1588 3669 no-

563 3698 684 3733 men
720 3690 831 3735 κατ’
856 3685 1020 3753 ἐξοχὴν
1051 3690 1303 3743 meruisse
1324 3691 1549 3747 videtur.

640 3763 759 3823 264.
783 3767 1014 3829 Geryone
1032 3784 1362 3837 nuncupatum
1385 3791 1447 3825 ex
1468 3793 1589 3826 arce

563 3838 830 3907 GerontiS,
855 3862 1003 3914 aeque
1027 3847 1283 3902 absonum
1306 3865 1384 3903 est
1411 3854 1584 3905 existi-

567 3934 726 3970 mare.
752 3919 817 3970 Et
847 3922 958 3973 sine
985 3922 1152 3979 dubio
1177 3930 1420 3984 confusio
1447 3932 1581 3985 sacta

567 4015 596 4046 e
624 3996 970 4051 similitudine
998 3999 1225 4058 duorum
1253 4011 1547 4064 nominum.

640 4074 755 4126 266.
792 4078 1024 4143 Dictoque
1061 4086 1127 4131 ab
1167 4090 1320 4139 arani.
1363 4088 1501 4142 Pith.
1526 4095 1587 4143 ab

1678 1400 1767 1448 uni
1790 1399 1981 1451 Venet.
2017 1409 2068 1449 et
2094 1399 2161 1450 V.
2201 1402 2265 1449 ab
2290 1419 2436 1452 amne
2458 1399 2705 1464 Hudson.

1753 1481 1871 1547 267.
1934 1481 2129 1529 Gaddir
2186 1483 2267 1530 hic
2326 1493 2401 1530 est
2420 1479 2427 1484 '
2447 1485 2705 1548 oppidum.

1676 1555 1848 1609 Gadir
1888 1556 2016 1628 qnid
2063 1558 2347 1630 significet,
2383 1560 2510 1614 vide
2542 1561 2705 1614 voss.

1678 1635 1967 1701 deAmLI,
1994 1656 2079 1702 12,
2096 1657 2151 1710 p.
2172 1639 2711 1703 425.Buax.—Gad-

1678 1719 1760 1767 dir
1790 1715 1918 1768 urbs
1943 1716 2210 1787 Hispania!
2238 1719 2375 1771 intra
2408 1719 2519 1772 duo
2545 1720 2709 1772 Baetis

1678 1794 1849 1846 amnis
1865 1795 2087 1861 ostia3et
2108 1815 2255 1849 mare
2268 1836 2285 1862 ‚
2298 1796 2537 1870 undique
2550 1800 2705 1872 aquis

1680 1889 2001 1944 circumdata
2018 1931 2035 1955 ,
2051 1911 2081 1944 a
2096 1892 2500 1967 ΡΙιωιιίοἰοἾἾ]
2520 1924 2539 1956 ,
2554 1897 2709 1969 quod

1678 1987 1851 2040 sepem
1872 2010 1889 2036 ‚
1930 1982 1983 2024 et
2027 1971 2373 2046 περίφραγμοι,
2398 1976 2482 2028 vel
2524 1976 2706 2030 locum

1680 2049 2117 2120 circumspectum
2194 2051 2466 2122 significat.
2536 2060 2709 2108 Gades

1678 2146 1893 2198 quoque
1934 2130 2108 2182 insula
2139 2131 2205 2184 ab
2245 2131 2430 2186 eadem
2465 2135 2707 2206 origine:

1679 2205 1842 2260 Sans.
1863 2207 1921 2260 in
1942 2207 2054 2262 Sol.
2077 2227 2129 2279 p.
2154 2213 2569 2278 wau—Vossius
2588 2215 2629 2268 l.
2660 2236 2709 2269 c.

1679 2285 1755 2338 sic
1782 2285 1956 2339 Gades
1984 2286 2175 2341 dixisse
2203 2288 2391 2345 Poenos
2414 2293 2710 2360 existimat,

1678 2366 1802 2436 quia
1825 2378 1958 2419 esset
1981 2366 2046 2418 iis
2066 2368 2345 2439 sepimenti
2368 2371 2486 2425 loco
2512 2372 2711 2427 advet-

1678 2462 1766 2495 sus
1794 2444 2069 2515 Hispanos.

1752 2526 1869 2577 268.
1894 2528 2179 2593 Con-septum
2202 2532 2362 2581 Iocum
2390 2536 2585 2585 Gaddir
2612 2555 2710 2586 vo-

1676 2606 1835 2653 cabat.
1903 2604 1988 2656 sic
2039 2604 2230 2660 Noster
2284 2627 2351 2661 ex
2404 2612 2671 2685 Dionysio
2689 2652 2707 2677 ‚

1674 2679 1881 2751 Perieg.
1903 2701 1951 2734 v.
1979 2683 2112 2736 615:
2134 2708 2156 2731 ι
2174 2685 2363 2741 Poenus
2388 2690 2593 2765 quippe
2622 2694 2705 2747 lo·

1676 2776 1799 2810 cum
1824 2758 2033 2813 Gaddir
2057 2776 2211 2815 vocat
2232 2766 2469 2839 undique
2492 2783 2705 2842 septum

1674 2840 1883 2909 Aggere
1935 2840 2265 2913 praeducto».
2314 2848 2499 2921 Neque
2548 2852 2709 2907 aliter

1674 2916 1913 2970 Plinius:
1941 2945 1963 2966 ι
1988 2921 2132 2973 Poeni
2167 2924 2355 2993 Gadir,
2386 2928 2459 2981 ita
2499 2929 2705 2986 Punica

1672 2995 1853 3066 lingua
1880 3012 2088 3068 septum
2117 3002 2509 3076 significante·;
2530 3024 2583 3064 et
2600 3012 2705 3063 So-

1672 3072 1851 3125 linus:
1879 3102 1905 3121 a
1924 3077 2067 3129 Poeni
2104 3078 2283 3152 lingua
2312 3104 2403 3139 sua
2432 3087 2617 3156 Gadir‚
2644 3091 2705 3143 id

1674 3162 1752 3203 est
1766 3191 1781 3215 ‚
1802 3171 1981 3225 sepem
2010 3160 2355 3216 nominarunt
2370 3190 2413 3218 ι».
2434 3166 2503 3218 Et
2526 3168 2707 3223 Isido-

1672 3248 1793 3283 rus:
1816 3233 2032 3298 «Quam
2059 3236 2209 3310 Tyrii
2258 3258 2291 3292 a
2334 3243 2519 3296 Rubro
2564 3250 2703 3301 mari

1670 3310 1891 3379 profecti
1929 3328 2268 3386 occupantem
2298 3320 2352 3373 in
2378 3322 2562 3394 lingua
2604 3346 2705 3381 sua

1670 3386 1845 3443 Gades
1862 3394 1881 3460 (
1896 3392 2009 3465 lege
2036 3394 2203 3449 Gadir
2217 3400 2255 3466 )‚
2270 3397 2325 3451 id
2348 3412 2432 3465 est
2449 3442 2466 3468 ‚
2488 3418 2703 3475 septum

1670 3468 2015 3524 nominarunt
2026 3499 2067 3525 ι».
2092 3474 2156 3525 Et
2180 3475 2503 3549 Hesychius:
2531 3482 2705 3537 Γάδα-

1678 3564 1739 3615 ραι
1752 3585 1766 3609 ,
1786 3547 1849 3599 τὰ
1864 3552 2261 3625 περιφράγματσι,
2277 3558 2501 3619 Φοίνικες.
2528 3563 2701 3619 Boou.

1676 3623 1848 3679 Chan.
1872 3647 1924 3699 p.
1952 3632 2075 3699 673.

1750 3723 1864 3774 ²7⁰·
1892 3712 2057 3775 Multa
2086 3724 2134 3761 ee
2162 3719 2366 3780 opulens
2400 3721 2568 3771 civitas
2584 3742 2603 3771 .·
2620 3723 2705 3776 sic

1678 3784 1812 3836 Ven.
1833 3797 1884 3836 et
1898 3786 2041 3840 Pith.
2056 3802 2200 3843 recte
2220 3810 2232 3845 :
2249 3800 2400 3847 multa
2416 3818 2480 3849 ac
2498 3804 2705 3865 opulens

1675 3861 1843 3915 edidit
1868 3864 2038 3921 Hnds.
2070 3882 2122 3921 et
2146 3875 2388 3941 peccavit
2416 3875 2469 3929 in
2494 3892 2665 3933 metro
2682 3920 2701 3944 ,

1668 3940 1852 4011 judice
1879 3944 2099 4001 Schrad.
2128 3952 2273 4020 praef.
2302 3952 2357 4005 in
2382 3954 2497 4008 Em.
2528 3978 2581 4030 p.
2610 3959 2701 4015 3².

1673 4020 1779 4072 Pro
1820 4028 1975 4075 multa
2016 4025 2241 4081 Schrad.
2272 4030 2329 4083 in
2357 4035 2469 4087 sch.
2496 4038 2706 4091 mavult

1677 4117 1875 4167 magna.
1921 4102 2026 4155 Sed
2080 4105 2269 4161 eodem
2316 4130 2471 4165 sensu
2522 4121 2701 4169 malens
