2996 4685
447 342 617 456 ‚346

1224 296 1865 411 R.FsAv1EN1

568 469 948 559 Consul-gat
985 478 1248 549 vertex,
1291 464 1537 558 quibus
1576 465 1712 533 oris
1750 487 1909 531 arva
1954 464 2343 531 recumbant

567 576 899 663 Barbara,
944 576 1270 645 famosum
1311 576 1425 670 qui
1461 580 1729 645 Persam
1776 575 2047 644 roboret
2082 600 2263 644 usus.

567 690 840 782 Quippe
870 690 1269 759 Asianarum
1313 689 1514 782 primi
1551 688 1806 783 degunt
1848 687 2223 781 regionum.

2506 716 2609 753 1255

569 800 726 867 Vita
768 798 1049 894 opulens
1085 800 1299 895 genti,
1350 822 1543 893 gazas
1580 823 1848 893 quoque
1888 813 2065 867 terra
2104 798 2437 867 ministrat

568 908 927 995 OmnibuS‚
959 925 1027 977 et
1066 900 1325 1002 largu'm
1364 905 1634 1003 populis
1674 908 2070 1001 producitur
2102 932 2336 977 aevum.

470 1085 928 1156 permutationem.
950 1085 1093 1151 Quin
1119 1084 1262 1139 idem
1294 1090 1500 1138 devehat

469 1166 636 1235 probe
663 1166 908 1219 convenit
937 1184 1064 1219 cum
1085 1166 1371 1239 Dionysio,
1400 1168 1494 1237 qui

470 1264 520 1297 v.
551 1246 713 1299 1055:
738 1244 834 1297 Καὶ
856 1244 1000 1317 πόρρν
1028 1245 1212 1297 ἀενάων
1239 1252 1490 1316 ποταμῶν.

549 1324 699 1377 1253.
749 1331 906 1393 thue
935 1330 1175 1395 jugorum
1224 1329 1497 1395 Consmgat

472 1419 673 1465 vertex,
697 1404 755 1457 h.
800 1424 843 1457 e.
883 1403 1155 1475 quomodo
1195 1405 1311 1459 haec
1349 1405 1493 1477 regio

471 1482 908 1554 consurgentibus
947 1482 1188 1557 undique
1230 1483 1495 1537 montibus

469 1561 672 1615 inclusa
702 1563 798 1627 sit,
825 1561 972 1634 quod
1003 1563 1178 1634 ipsum
1207 1576 1388 1633 postea
1414 1561 1492 1615 di-

468 1640 536 1693 cit
563 1662 640 1696 vs.
678 1642 826 1696 1263.
872 1641 989 1695 Hoc
1027 1661 1185 1697 sensu
1214 1643 1494 1695 constituto

469 1718 720 1791 adparet,
761 1740 867 1773 non
904 1722 1262 1774 necessarium
1299 1720 1491 1785 fuisse,

468 1813 527 1851 ut
549 1800 825 1857 vadianus
844 1813 895 1853 et
915 1800 1206 1855 Hudsonus
1226 1821 1323 1873 pro
1346 1816 1496 1870 utque

469 1877 845 1932 intrudendum
875 1900 976 1947 qua
1000 1881 1084 1933 vel
1113 1901 1312 1949 quaque
1336 1894 1493 1953 puta·

470 1972 608 2012 rent.
635 1958 754 2013 vid.
799 1979 907 2012 var.
949 1961 1069 2013 lect.
1113 1965 1416 2030 Consurgere
1442 1973 1495 2015 et

474 2038 666 2092 similia
693 2041 854 2092 verba
885 2040 1118 2093 Avienus
1155 2039 1223 2093 de
1259 2041 1497 2092 multitu-

471 2117 597 2169 dine
616 2156 632 2181 ,
663 2118 741 2171 vel
772 2118 840 2171 de
867 2119 1110 2192 pluribus
1133 2138 1385 2191 usurpare
1411 2138 1495 2172 so-

473 2196 572 2262 let,
598 2209 660 2249 ut
691 2216 770 2251 vs.
799 2196 896 2250 361
943 2224 968 2243 κ
997 2198 1241 2252 Culmina
1276 2217 1497 2252 consur·

470 2286 603 2346 gunt
621 2295 676 2340 -·;
713 2294 784 2327 vs.
817 2276 916 2340 485
937 2295 951 2329 ε
975 2303 1000 2321 u
1016 2278 1378 2329 Concrescunt
1401 2278 1494 2329 Al-

475 2373 567 2426 pes
591 2380 630 2407 ».
646 2354 1064 2408 W.—Addatur
1076 2376 1127 2409 v.
1151 2375 1172 2408 1
1185 2376 1206 2408 1
1222 2358 1281 2410 15
1303 2374 1316 2408 :
1337 2382 1358 2403 ιι
1375 2377 1494 2410 con·

475 2449 726 2487 crescunt
760 2446 878 2488 tura
921 2453 1017 2506 per
1054 2454 1208 2507 agros
1219 2461 1257 2486 ι.
1293 2441 1496 2506 Surgere

477 2525 651 2565 autem
669 2514 869 2585 ubique
886 2532 969 2587 ap.
991 2515 1240 2567 Nostrum
1256 2514 1326 2569 de
1343 2535 1495 2570 mon-

476 2593 616 2645 tibus
637 2594 901 2660 occurrit;
927 2594 995 2647 cs.
1019 2614 1099 2646 vs.
1132 2615 1153 2648 1
1169 2614 1189 2648 1
1205 2615 1252 2662 1,
1283 2597 1418 2664 450,
1444 2610 1496 2650 et

461 2674 677 2745 passim.
697 2675 796 2726 En.
815 2706 883 2714 —
901 2677 1083 2744 Quibus
1112 2679 1246 2727 auris
1271 2695 1371 2747 pro
1396 2681 1492 2728 oris

468 2756 610 2826 conj.
639 2752 864 2808 Schrad.
889 2755 946 2807 in
975 2754 1085 2808 sch.
1115 2774 1288 2827 neque
1316 2755 1494 2827 inepta

469 2833 585 2886 hoec
612 2837 916 2906 conjectura
952 2847 1062 2898 est,
1101 2835 1226 2906 quia
1273 2855 1330 2888 rc
1381 2835 1492 2906 ipsa

467 2911 712 2984 deinceps
751 2925 939 2966 auctor
971 2914 1128 2968 situm
1169 2913 1396 2968 Persidis
1424 2915 1492 2968 ad

467 2992 736 3064 regionem
759 3005 1036 3046 ventorum
1065 2993 1312 3046 describit
1327 3034 1342 3059 ,
1365 3007 1424 3046 ut
1441 3007 1494 3048 et

467 3072 598 3125 alias
624 3071 832 3145 sapius.
854 3071 979 3125 Vid.
997 3094 1050 3126 v.
1078 3073 1198 3143 736.
1220 3074 1287 3126 Et
1308 3073 1494 3128 Schra-

469 3151 656 3205 der-um
697 3153 808 3221 jam
862 3149 1093 3204 vidimus
1147 3152 1328 3224 aliquo
1373 3154 1492 3206 loco

468 3231 752 3295 Prisciani,
797 3231 891 3284 ubi
917 3252 1031 3284 oms
1059 3251 1337 3304 perperam
1365 3232 1494 3286 scri-

467 3324 684 3382 pserant
717 3311 950 3378 librarii,
985 3331 1139 3364 auras
1165 3311 1389 3365 feliciter
1415 3332 1490 3365 re·

469 3393 710 3446 stituisse.
735 3390 864 3445 Vid.
894 3405 1008 3446 not.
1035 3403 1200 3444 nostr.
1223 3391 1292 3444 ad
1327 3391 1490 3446 Prisc.

470 3489 524 3522 v.
553 3471 674 3536 569.
712 3469 817 3524 sed
847 3484 1024 3524 tamen
1049 3471 1154 3524 hoc
1177 3471 1297 3524 loco
1319 3471 1496 3524 minus

471 3548 751 3602 commode
785 3549 892 3602 dici
929 3549 1140 3604 videtur
1166 3571 1288 3603 arva
1313 3572 1500 3603 meum·

473 3631 594 3678 bunc
619 3631 754 3678 aur-is
773 3667 790 3688 ‚
821 3641 873 3681 et
897 3631 1126 3684 Avienus
1165 3631 1386 3684 verbum
1419 3652 1498 3683 re·

475 3709 695 3757 cumbere
719 3705 787 3758 de
809 3708 960 3761 terris
982 3729 1104 3763 cum
1131 3709 1384 3783 adjuncta
1409 3731 1498 3764 ea-

475 3802 594 3835 rum
623 3785 938 3856 proprietate
963 3807 1216 3860 usurpare
1245 3790 1406 3857 solet,
1444 3803 1503 3843 ut

415 3861 430 3872 '
476 3880 528 3916 ν.
539 3881 670 3914 1000
683 3882 695 3916 :
711 3889 734 3908 ··
745 3863 848 3916 Sed
863 3865 1126 3936 locuplete
1140 3869 1302 3940 magis
1311 3870 1503 3923 Maean·

477 3939 596 3994 dria
625 3942 776 4012 gleba
799 3945 1062 3998 recumbit
1080 3964 1138 4008 ·;
1171 3959 1224 4000 et
1249 3968 1300 4002 v.
1333 3967 1459 4002 1111
1484 3967 1498 4000 :

477 4051 500 4068 ι·
523 4022 664 4076 felici
699 4034 840 4076 terra
873 4026 1136 4078 recumbit
1156 4027 1292 4082 Tota
1319 4030 1432 4083 solo
1449 4056 1492 4082 n.

477 4103 645 4174 Igitur
677 4101 809 4156 nihil
839 4115 1044 4158 mutare
1071 4104 1242 4158 audeo
1261 4147 1276 4172 ‚
1320 4121 1368 4160 et
1402 4111 1495 4158 oris

1583 1086 1819 1158 intelligo
1844 1086 1912 1139 de
1939 1086 2133 1139 finibus
2151 1126 2168 1151 ,
2211 1085 2407 1159 quibus
2444 1086 2613 1139 inclu-

1581 1163 1724 1218 ditur
1750 1165 1960 1227 Persia‚
2002 1184 2241 1236 quosque
2281 1166 2395 1239 ipse
2430 1178 2615 1219 auctor

1587 1263 1712 1297 mox
1737 1242 2004 1298 describit.

1658 1323 1809 1388 1254.
1862 1322 1967 1377 Pro
2022 1328 2249 1376 Barbara
2312 1324 2610 1378 Schrader-o

1581 1402 1923 1456 scribendum
1950 1402 2229 1457 videbatur
2254 1407 2448 1456 Persica
2464 1426 2482 1454 .·
2519 1403 2609 1457 sed

1580 1483 1685 1536 hoc
1708 1482 1858 1535 nullo
1880 1482 2001 1535 libri
2026 1483 2213 1535 veteris
2235 1482 2433 1535 indicio
2450 1483 2611 1553 signi-

1580 1562 1787 1625 ficatur,
1814 1574 1867 1615 et
1893 1561 2099 1616 Persica
2130 1580 2250 1613 arva
2275 1560 2333 1614 h.
2354 1559 2390 1614 l.
2416 1562 2610 1614 intelli·

1581 1641 1655 1713 gi,
1678 1659 1903 1712 sequeus
1921 1648 2121 1693 Persam
2152 1640 2328 1693 statim
2355 1639 2609 1694 declarat.

1581 1720 1731 1785 Quin
1751 1720 1905 1773 etiam
1926 1724 2163 1771 barbaros
2182 1739 2213 1771 a
2233 1719 2474 1771 Romanis
2492 1720 2615 1772 Per·

1581 1818 1665 1853 sas
1702 1798 1995 1853 eminenter
2020 1812 2071 1851 et
2097 1799 2249 1870 quasi
2276 1799 2493 1870 proprie
2520 1819 2612 1851 vo-

1582 1892 1725 1933 catos
1748 1898 1879 1945 esse,
1898 1898 1929 1932 e
1942 1878 2128 1933 Curtio
2147 1877 2367 1949 aliisque
2387 1890 2607 1931 constat.

1582 1959 1747 2011 Porro
1780 1986 1802 2006 ι
1833 1958 2111 2012 Samosum
2153 1958 2246 2028 qui
2280 1957 2493 2011 Persam
2518 1976 2610 2009 ro-

1583 2039 1686 2091 bur
1724 2050 1777 2091 et
1820 2056 1987 2090 usus»
2036 2035 2182 2089 dedit
2218 2034 2358 2088 Pith.
2402 2056 2433 2089 e
2467 2037 2609 2089 Veu.

1587 2142 1610 2164 ι
1629 2117 1889 2169 famosum
1948 2114 2044 2187 qui
2096 2114 2309 2167 Persam
2357 2115 2524 2166 robur
2562 2128 2613 2168 et

1584 2215 1745 2248 usus·
1769 2197 1931 2267 Cusp.
1954 2191 2045 2247 sed
2070 2192 2294 2247 correxit
2313 2194 2525 2247 Camers
2544 2192 2613 2247 ad

1581 2274 1748 2328 Prisc.
1770 2279 1868 2344 961
1894 2292 1907 2326 ε
1935 2299 1958 2320 α
1985 2275 2248 2327 famosum
2272 2274 2366 2346 qui
2394 2273 2611 2326 Persam

1580 2355 1799 2408 roboret
1827 2373 1953 2406 usus
1968 2381 1993 2399 a
2007 2391 2022 2416 ,
2040 2372 2197 2424 quem
2217 2352 2461 2425 sequitur
2474 2353 2614 2407 vad.

1584 2445 1635 2487 et
1651 2432 1868 2506 reliqui.
1897 2433 2083 2486 Paullo
2118 2431 2419 2503 corruptius
2448 2433 2615 2486 Ortel.

1585 2539 1608 2560 ι
1628 2514 2002 2583 famosumque
2024 2511 2305 2564 Persarum
2329 2512 2494 2564 robur
2511 2536 2532 2557 ι
2547 2550 2561 2562 .

1660 2593 1814 2647 1256.
1860 2597 2029 2644 Gazas
2074 2613 2269 2660 quoque
2310 2606 2440 2644 terra
2474 2594 2614 2643 mini-

1582 2689 1723 2728 strae.
1741 2674 1918 2726 Venas
1945 2671 2059 2724 auri
2090 2671 2401 2743 argentique
2422 2670 2612 2724 intelli-

1582 2755 1654 2828 git
1672 2791 1687 2818 ,
1711 2753 1821 2807 sive
1859 2752 2015 2804 etiam
2042 2750 2315 2804 thesauros
2340 2751 2531 2821 passim
2558 2751 2613 2802 in

1580 2846 1723 2886 terra
1768 2829 2088 2885 reconditos.
2130 2829 2315 2898 Manil.
2342 2831 2413 2896 V,
2470 2828 2571 2882 525
2599 2854 2611 2886 :

1582 2940 1608 2960 α
1637 2913 1886 2977 Quaerere
1912 2912 2010 2962 sub
2033 2909 2182 2962 terris
2206 2928 2476 2961 aurum...
2505 2909 2609 2962 Im-

1578 3003 1727 3064 perat
1745 3029 1761 3054 ,
1803 3003 1855 3042 et
1893 2989 2071 3060 glebas
2106 2988 2246 3040 inter
2282 2987 2613 3059 deprendere

1580 3089 1757 3144 gazam
1782 3095 1821 3120 ι.
1838 3068 1936 3122 W.
1961 3099 2033 3108 —-
2060 3071 2226 3118 Gazas
2256 3087 2449 3135 quoque
2472 3083 2609 3118 terra

1579 3154 1854 3210 ministrat,
1900 3151 2131 3200 Omnibus
2178 3161 2227 3198 et
2266 3151 2461 3214 largum
2477 3167 2497 3198 .·
2538 3146 2615 3199 sic

1582 3230 1914 3300 distinguunt
1935 3226 2203 3300 pleraeque
2226 3226 2457 3297 antiquae
2491 3223 2612 3278 edd.

1582 3309 1673 3364 sed
1697 3307 1986 3362 Hudsonus
2012 3321 2134 3381 post
2166 3310 2431 3370 Omnibus,
2464 3305 2615 3380 quod

1584 3389 1717 3443 mihi
1743 3388 2078 3443 commodius
2108 3387 2343 3442 videtur.

1662 3471 1811 3540 1²57.
1850 3475 2061 3538 Largum
2092 3471 2285 3537 populis
2326 3470 2618 3536 producitur

1584 3569 1753 3601 ervum.
1780 3549 1991 3601 Horum
2017 3547 2301 3600 verborum
2326 3545 2609 3615 ambiguus

1587 3647 1771 3682 sensus
1820 3639 1916 3680 est.
1958 3626 2188 3680 Possunt
2228 3625 2369 3678 enim
2410 3623 2612 3695 siguifi-

1588 3727 1709 3762 care
1732 3724 1746 3758 ε
1786 3707 1841 3760 hi
1866 3705 2052 3779 populi
2076 3704 2378 3776 longissime
2398 3703 2615 3769 vivunt,

1591 3788 1677 3841 vel
1704 3787 1856 3840 multi
1896 3787 2031 3838 inter
2076 3803 2164 3838 eos
2207 3782 2429 3854 longaevi
2468 3782 2615 3834 inve-

1590 3867 1842 3930 niuntur,
1886 3877 1944 3916 ut
1970 3868 2163 3932 largum
2192 3880 2365 3916 aevum
2404 3860 2470 3913 sit
2497 3859 2615 3911 lon-

1590 3965 1713 4016 gum
1736 3966 1780 3999 s.
1804 3944 2094 4016 spatiosum
2114 3981 2129 4004 ‚
2162 3945 2433 4011 pmdueere
2471 3937 2613 3990 idem

1590 4045 1651 4078 ac
1696 4025 1905 4096 longius
1962 4022 2237 4076 extrahere
2254 4061 2269 4086 ,
2315 4015 2612 4073 extendere.

1587 4106 1688 4161 Sed
1716 4116 1935 4179 possunt
1962 4103 2121 4158 etiam
2162 4103 2263 4156 hoc
2288 4121 2299 4154 :
2342 4102 2511 4154 Persae
2540 4096 2618 4153 vi·
