2996 4685
756 391 892 458 AD
945 385 1291 454 DEscR.
1340 385 1634 453 omns
1684 386 2058 454 TERRAE.
2343 382 2472 480 391

358 511 677 600 siquidem
709 509 823 574 has
862 507 1111 572 Pontici
1146 505 1335 570 maris
1369 527 1514 569 oras
1552 521 1842 595 tempore
1876 505 2304 595 expeditionis
2327 508 2486 573 Tro-

356 614 519 692 janae
545 611 775 698 saepius
802 610 1000 673 classe
1027 609 1319 671 invectus
1348 607 1740 694 explorasse,
1760 623 1956 695 atque
1984 608 2151 672 hanc
2177 608 2449 672 insulam
2469 656 2486 689 ,

362 715 530 777 sicut
561 728 626 776 et
646 712 939 776 Dromon
962 709 1289 774 Achilleos
1314 707 1574 789 dictam,
1597 709 1917 798 praecipue
1943 725 2188 774 amasse
2207 708 2483 774 videtur.

362 813 519 877 Mox
544 811 660 875 ubi
692 809 1185 875 maximi'herois
1204 809 1387 873 sedes
1406 808 1811 888 credebatur,
1837 807 1974 873 aliis
1999 810 2187 874 etiam
2211 810 2488 876 heroum

359 913 460 976 vel
512 914 779 978 fortium
818 911 1108 975 virorum
1166 911 1506 975 animabus
1558 933 1864 976 concessa
1921 928 2050 994 est,
2106 927 2171 976 et
2219 913 2490 977 fortasse

362 1013 713 1080 multitudo
750 1013 1169 1079 candidarum
1202 1014 1417 1077 avium
1441 1061 1458 1095 ,
1494 1033 1642 1100 quae
1673 1013 1951 1076 insulam
1987 1011 2136 1078 alias
2173 1009 2492 1077 desertam

364 1117 775 1202 frequentare
796 1163 814 1194 ,
841 1131 907 1177 et
938 1115 1265 1178 tumulum
1306 1112 1570 1178 Achillis
1603 1113 2116 1178 circumvolitare
2149 1114 2491 1191 ferebatur,

364 1217 694 1280 materiam
726 1216 961 1280 fabulae
994 1215 1174 1280 dedit
1192 1263 1209 1296 ,
1245 1237 1389 1302 quae
1437 1215 1682 1279 animas
1736 1214 2010 1278 heroum
2055 1237 2207 1279 cum
2242 1215 2494 1280 Achille

366 1319 603 1382 versari
644 1319 715 1381 in
754 1299 853 1382 ea·
873 1317 1084 1381 insula
1130 1316 1390 1382 diceret.
1427 1320 1596 1380 Aves
1637 1314 1811 1380 albas
1857 1339 1976 1406 pro
2009 1317 2365 1382 simulacris
2396 1317 2498 1380 vel

366 1418 691 1484 indicibus
726 1419 1091 1484 animarum
1124 1419 1489 1483 beatiorum
1527 1418 1854 1482 habebant
1885 1416 1978 1504 (ι)
1999 1465 2016 1500 ,
2053 1420 2222 1484 sicut
2252 1420 2496 1483 Home.-

368 1543 481 1584 rus
508 1521 752 1585 animas
782 1519 867 1584 ad
898 1521 1141 1584 inferos
1174 1518 1504 1585 ducendas
1532 1519 2097 1607 vespertilionibus
2129 1536 2458 1608 comparat
2481 1569 2497 1602 ‚

372 1620 605 1709 Odyss.
637 1623 879 1702 XXIV,
908 1622 971 1686 6.
1005 1622 1177 1685 Hinc
1209 1621 1601 1708 Dionysius,
1627 1643 1718 1684 νε.
1755 1617 1878 1696 545
1904 1643 1918 1684 :

688 1799 825 1848 Κιῖθι
852 1793 906 1848 δ’
932 1788 1169 1864 Ᾰχιλλῆός
1190 1816 1245 1850 τι
1268 1799 1351 1849 καὶ
1382 1793 1552 1867 ἡρῶων
1580 1798 1723 1866 φάτις
1751 1796 1906 1848 ἄλλον

692 1887 867 1956 Ψυχὰς
890 1888 1204 1942 silice-com.

378 2059 664 2122 Avienus
694 2056 941 2122 Achille
974 2074 1040 2122 et
1070 2058 1381 2121 heroibus
1412 2058 1704 2130 omissis,
1731 2057 1846 2144 qui
1879 2079 2012 2120 non
2043 2057 2165 2121 nisi
2192 2057 2472 2122 caedibus
2492 2108 2512 2140 ,

380 2173 446 2222 et
498 2158 717 2222 multis
758 2158 1122 2224 animarum
1169 2159 1453 2222 millibus
1501 2156 1584 2222 ad
1632 2159 1878 2222 Orcum
1922 2158 2162 2241 missis,
2197 2160 2514 2224 inclarue⁴

381 2276 540 2324 runt
558 2307 577 2342 ,
606 2257 1108 2349 descriptionem
1152 2260 1324 2324 illius
1374 2258 1546 2324 sedis
1601 2263 1962 2325 animarum
2020 2261 2236 2350 paullo
2286 2263 2515 2328 melius

382 2358 787 2437 informavit,
816 2378 886 2426 et
927 2348 1299 2426 insontibus
1350 2360 1614 2444 animis,
1642 2362 1896 2427 virtutis
1926 2380 1990 2427 et
2022 2362 2276 2453 pietatis
2308 2366 2518 2429 culto-

386 2460 599 2545 ribus,
627 2460 959 2527 adtribuit.
984 2463 1199 2546 Quam
1224 2463 1569 2527 beatorum
1595 2462 1818 2527 sedem
1847 2486 2052 2553 quum
2079 2465 2324 2531 medias
2351 2467 2520 2531 inter

388 2562 565 2626 orbis
616 2579 935 2626 terrarum
983 2564 1278 2652 regiones
1317 2580 1381 2627 et
1416 2565 1656 2629 insulas
1703 2565 2090 2653 descriptam
2128 2568 2520 2651 invenirem,

391 2660 597 2726 fateor
642 2685 746 2726 me
786 2664 907 2727 ista
938 2663 1217 2757 imagine
1246 2663 1571 2729 adfectum
1609 2668 1910 2747 suaviter,
1943 2684 2008 2731 et
2039 2668 2524 2755 quodammodo

391 2760 473 2827 ad
528 2786 707 2853 spem
763 2779 828 2828 et
875 2764 1415 2853 exspectationem
1463 2766 1810 2830 caelestium
1870 2769 2320 2849 mansionum,
2365 2794 2524 2857 quas

388 2865 514 2931 Dei
559 2866 784 2955 religio
822 2866 1173 2956 promittit,
1202 2866 1550 2931 excitatum
1583 2890 1739 2932 esse.
1781 2869 1962 2950 Quae.
1982 2870 2248 2957 quidem
2283 2871 2526 2961 cogita·

398 2966 488 3031 tio
538 2969 606 3031 in
653 2969 950 3056 praesenti
996 2967 1125 3033 hoc
1167 2967 1369 3058 magis
1404 2989 1509 3031 me
1545 2983 1840 3032 moratur
1870 2984 1934 3032 et
1967 2984 2177 3052 tenet,
2209 2994 2340 3059 quo
2369 2994 2528 3059 pro-

396 3068 542 3157 pius
578 3068 801 3133 adesse
834 3086 1092 3158 tempus
1119 3068 1400 3150 videtur,
1435 3091 1570 3157 quo
1601 3091 1678 3132 ex
1708 3066 1832 3133 hac
1861 3069 2050 3134 turba
2075 3086 2141 3135 et
2167 3072 2530 3136 colluvione

401 3167 727 3233 discedam
749 3218 767 3249 ,
803 3188 867 3234 et
902 3170 985 3236 ad
1034 3170 1327 3235 divinum
1380 3172 1752 3235 animorum
1797 3187 2068 3254 coetum,
2103 3172 2531 3259 omniumque

402 3292 839 3335 aerumnarum
874 3272 1164 3359 requiem
1183 3320 1203 3354 ,
1229 3272 1620 3361 proficiscar.
1644 3274 1794 3338 Wn.

476 3450 555 3517 (1)
588 3446 877 3503 Considera
920 3445 1201 3521 imaginem
1248 3448 1546 3503 animarum
1584 3468 1616 3502 a
1651 3448 1883 3522 Virgilio
1921 3450 2112 3521 pictam
2140 3488 2156 3514 ‚
2205 3450 2399 3525 Georg.
2433 3454 2536 3520 lv,

409 3539 509 3604 ⁴7¹
536 3546 551 3584 ε
583 3556 608 3577 α
628 3532 846 3586 Umbra
867 3530 1017 3587 ibant
1042 3548 1253 3598 tenua,
1274 3531 1666 3606 simulacraque
1685 3534 1806 3588 lucc
1831 3546 2142 3589 carentum:
2171 3536 2345 3603 Quam
2375 3538 2541 3593 multa

407 3616 463 3667 in
496 3615 637 3669 foliis
666 3615 843 3671 avium
872 3634 930 3669 se
956 3616 1117 3671 millia
1140 3614 1381 3670 condunt
1396 3654 1413 3683 ,
1430 3618 1632 3689 Vespa·
1657 3616 1750 3669 ubi
1775 3629 1867 3671 aut
1888 3616 2142 3673 hilm-nus
2163 3620 2270 3691 agit
2299 3620 2368 3675 de
2393 3640 2542 3677 mon-

408 3699 553 3755 tibus
580 3698 748 3753 imber
764 3727 807 3754 n.

974 3904 1970 3941 ψ
