2996 4685
1043 395 1225 431 νυιυόὀ
1229 401 2477 429 mmmmmmmmmmm

1367 654 1414 704 D
1429 650 1471 704 E

585 867 1000 974 RUFO
1085 861 1563 971 FESTO
1629 861 2223 968 AVIENO

753 1109 878 1178 ET
938 1108 1072 1178 DE
1131 1106 1366 1178 EJUS
1427 1105 2077 1175 CARMINIBUS

897 1320 1298 1381 EORUMQU
1319 1322 1359 1366 Ε
1420 1317 1944 1366 EDITORIBUS·

1052 1557 1128 1569 ’.ὼ

348 1731 532 1836 Ετει
563 1770 820 1837 dudum
856 1769 938 1836 de
975 1773 1167 1835 Festo
1203 1770 1450 1834 Avieno
1488 1791 1621 1835 non
1662 1789 1866 1858 pauca
1904 1765 2183 1835 diximus
2220 1772 2290 1835 in
2322 1792 2487 1860 prae-

346 1879 589 1942 fatione
623 1875 706 1941 ad
739 1875 976 1940 Iliados
1012 1875 1280 1939 Homeri
1317 1875 1667 1962 Epitomen
1686 1923 1704 1956 ,
1752 1898 1965 1962 neque
2015 1899 2193 1940 nunc
2240 1877 2359 1940 alia
2407 1877 2488 1940 de

349 2005 429 2046 eo
475 1998 542 2045 et
587 1980 838 2046 diversa
867 1979 949 2043 ab
982 1979 1118 2042 istis
1157 1978 1503 2058 sentimus,
1538 1978 1836 2042 videmur
1870 1993 2115 2057 tamen,
2163 2003 2369 2068 quum
2405 1981 2490 2044 ad

349 2086 485 2170 ejus
539 2087 826 2151 carmina
879 2081 1276 2149 recensenda
1334 2083 1733 2165 accedimus,
1788 2083 1871 2148 ad
1922 2086 2205 2149 auctoris
2259 2109 2487 2150 eorum

349 2191 729 2256 memoriam
767 2190 1026 2280 plenius
1070 2205 1267 2277 atque
1316 2187 1681 2253 accuratius
1722 2189 2174 2276 exponendam
2207 2190 2483 2256 invitari.

348 2298 432 2363 Et
464 2298 776 2386 quoniam
805 2311 1306 2361 monumentum
1340 2292 1535 2376 illud,
1566 2293 1747 2381 quod
1774 2297 2101 2360 memoriae
2133 2296 2283 2363 Rufi
2312 2299 2487 2364 Festi

349 2428 390 2469 a
424 2401 557 2469 filio
596 2402 736 2483 ejus
766 2401 1028 2467 Placido
1064 2402 1222 2466 olim
1257 2401 1579 2490 positum,
1614 2415 1681 2463 et
1713 2423 1753 2464 a
1787 2400 2087 2489 pluribus
2118 2393 2489 2492 inscriptio-

351 2532 514 2575 num
573 2526 641 2575 et
701 2509 1237 2599 epigrammatum
1295 2524 1590 2573 veterum
1646 2507 2099 2571 collectoribus
2165 2528 2488 2577 servatum

351 2630 451 2680 est
492 2612 633 2703 (1),
691 2611 773 2677 ad
819 2613 999 2678 hunc
1055 2614 1270 2701 ipsum
1322 2604 1679 2693 Avienum,
1721 2614 2281 2679 consentientibus
2335 2619 2487 2683 viris

352 2719 623 2786 eruditis
639 2768 658 2803 ,
692 2718 1016 2807 pertinere
1041 2718 1450 2794 arbitramur,
1477 2718 1567 2782 ob
1596 2710 1873 2806 eam'que
1902 2742 2191 2785 caussam
2226 2724 2489 2813 reliquis

351 2826 578 2891 Avieni
618 2825 1012 2891 carminibus
1057 2825 1287 2891 ultimo
1341 2827 1488 2889 loco
1533 2822 1963 2915 adjungemus
1980 2875 1998 2908 ‚
2048 2828 2257 2915 placet
2306 2852 2487 2896 nunc

350 2931 515 2999 illud
563 2948 801 2998 nostrae
840 2932 1372 2997 commentationi
1423 2932 1915 2997 accommodare
1937 2982 1954 3009 ,
2006 2949 2070 2997 et
2118 2957 2153 2997 e
2198 2937 2487 3001 versibus

353 3040 493 3121 ejus
553 3038 784 3123 ordine
837 3038 1161 3128 explicatis
1225 3062 1325 3103 res
1380 3038 1611 3103 Avieni
1668 3040 2115 3105 memorabiles
2172 3060 2481 3131 repetere.

357 3145 558 3229 Quod
601 3162 681 3209 ut
721 3160 892 3209 recte
937 3143 1080 3226 fiat,
1125 3142 1193 3209 id
1229 3146 1515 3232 primum
1547 3166 1810 3232 operam
1843 3144 2177 3229 dabimus,
2228 3164 2304 3211 ut
2341 3172 2483 3213 mo-

355 3267 746 3315 numentum
792 3249 955 3315 illud
989 3266 1160 3315 recte
1193 3249 1275 3314 ad
1318 3250 1674 3330 Avienum,
1720 3252 2083 3315 carminum
2120 3266 2511 3337 auctorem,‘

356 3354 583 3419 referri
609 3402 628 3431 ‚
693 3353 907 3441 ductis
966 3378 1044 3421 ex
1098 3358 1241 3444 ipso
1305 3356 1763 3445 epigrammate
1821 3356 2180 3421 rationibus
2248 3359 2488 3425 confir-

359 3480 633 3525 memus.
2426 3526 2435 3535 ,

446 3566 528 3630 Et
563 3565 888 3655 primum,
935 3564 1052 3628 ubi
1083 3566 1291 3630 Rufus
1335 3568 1563 3630 Festus
1609 3566 1824 3653 primo
1876 3566 1946 3629 in
1994 3588 2185 3629 versu
2235 3568 2489 3634 diverso

358 3689 658 3762 respectu
700 3696 770 3737 se
803 3671 1066 3736 Musoni
1098 3670 1369 3736 sobolem
1412 3688 1480 3737 et
1512 3670 1752 3761 prolem
1784 3672 2020 3735 Ανὶεηί
2060 3674 2387 3755 nominat,
2424 3692 2490 3740 et

358 3776 520 3870 duas
557 3800 747 3843 voces
765 3825 786 3860 ,
829 3800 973 3866 quae
1024 3776 1274 3869 origine
1323 3790 1389 3842 et
1429 3773 1895 3867 significatione
1936 3777 2099 3843 nihil
2142 3777 2456 3845 differunt
2472 3830 2491 3855 ,

359 3884 662 3971 peculiari
703 3884 988 3967 ratione,
1034 3884 1116 3948 ab
1147 3883 1284 3948 aliis
1319 3882 1741 3971 scriptoribus
1776 3907 1907 3947 non
1948 3902 2293 3975 usurpata,
2331 3910 2491 3953 con-

432 4114 506 4180 (ι)
535 4112 744 4167 Partem
779 4116 894 4188 ejus
926 4119 1038 4188 jam
1067 4114 1438 4189 proposuimus
1473 4132 1572 4169 nos
1598 4127 1749 4171 tomo
1768 4114 1883 4181 111,
1908 4133 1958 4186 p.
1978 4116 2115 4181 460,
2136 4133 2280 4187 seqq.
2309 4116 2411 4167 Eo.

565 4204 652 4270 V.
813 4204 816 4209 ’
2178 4229 2205 4274 ι
