2996 4685
737 376 1352 447 DESCRIPTIO
1418 376 1717 443 ORBIS
1776 376 2154 444 TERRAE.
2233 438 2238 443 .

2373 372 2508 473 307

470 504 828 575 servavere
864 498 1042 593 polo.
1084 496 1356 591 Populis
1387 496 1821 567 Phoenicibus
1853 522 2015 592 ergo

469 612 648 684 Urbs
681 615 886 705 Iope,
923 607 1298 703 sterilisque
1333 606 1577 677 dehinc
1613 607 1957 677 habitatur
1982 606 2198 695 Eleas,

469 725 785 816 Gazaque
821 720 1112 815 proceris
1145 718 1517 812 adsurgens
1552 717 1849 811 undique
1882 720 2115 787 muris.

469 834 597 902 Hic
617 836 832 927 Tyrus
865 845 967 900 est
997 829 1316 929 opulenS‚
1351 844 1419 897 et
1459 832 1739 925 Berytus
1774 832 2029 925 optima
2051 884 2071 914 ‚
2110 830 2385 925 Byblos,

468 942 858 1038 Sidoniique
893 942 1106 1029 lares;
1139 940 1258 1009 ubi
1299 938 1532 1009 labens
1566 940 1837 1033 agmine
1872 966 2139 1013 amoeno

469 1056 758 1155 Cespitis
799 1054 1034 1149 irrigui
1071 1056 1431 1123 Bostrenus
1473 1050 1710 1143 jugera
1760 1050 1977 1119 findit.

372 1261 678 1310 commercia.
719 1256 901 1308 Ambin
945 1254 1103 1307 habet
1145 1254 1273 1315 orbi,
1304 1248 1398 1307 aed

371 1351 526 1391 tueor
539 1336 809 1409 vulgatum
829 1339 982 1395 orbis,
995 1334 1161 1408 idque
1177 1346 1400 1404 propter

373 1416 691 1481 Ausonium,
706 1414 800 1487 qui
819 1414 886 1467 de
908 1413 1047 1467 Clar.
1069 1412 1202 1465 Urb.
1222 1410 1362 1487 Vm
1381 1450 1399 1475 ,

374 1500 437 1549 6:
464 1524 490 1543 α
511 1496 612 1549 Per
635 1513 800 1567 quem
827 1494 1049 1549 Romani
1082 1491 1397 1549 commercia

373 1576 596 1647 suscipis
617 1573 762 1627 orbis
783 1591 842 1638 »ς
864 1572 990 1626 ibid.
1015 1572 1119 1635 IV,
1141 1590 1170 1643 7
1199 1590 1213 1624 :
1239 1598 1263 1617 κ
1283 1571 1400 1624 Μο-

372 1656 498 1709 sella
524 1654 842 1726 Longinqua
869 1652 1163 1723 omnigeno
1185 1663 1400 1704 vectans

372 1735 694 1788 commercia
755 1744 908 1785 terrae
939 1758 988 1784 n.
1053 1732 1123 1785 Et
1177 1732 1397 1805 Coripp.

373 1812 466 1866 lib.
513 1816 539 1865 1
562 1852 577 1877 ,
613 1832 715 1866 110
744 1829 758 1865 :
799 1830 1142 1883 «cui-vasque
1194 1811 1400 1863 carinas

373 1893 571 1946 Omnia
598 1882 861 1946 vectantes
911 1891 1112 1963 gemini
1140 1910 1400 1943 commer-

373 1972 456 2025 cia
485 1970 674 2025 mundi
693 1998 736 2023 n.
767 1970 929 2023 Scan.

449 2053 600 2105 1068.
656 2056 915 2103 Servavere
955 2053 1076 2119 polo
1125 2068 1226 2121 pro
1259 2052 1397 2117 poli,

372 2130 522 2205 quod
567 2130 849 2203 vulgatum
912 2143 990 2183 est
1011 2167 1028 2193 ,
1086 2128 1402 2201 conjiciebat

372 2208 641 2264 Brouckh.
683 2208 846 2281 idque
886 2207 1111 2281 amplius
1155 2207 1399 2260 conside-

371 2290 600 2344 randum
643 2302 798 2363 putat
841 2287 1058 2344 Schrad.
1110 2284 1246 2342 Mihi
1282 2290 1398 2355 polo

372 2371 546 2444 aptius
570 2369 638 2426 ad
663 2387 777 2424 rem
796 2369 1024 2424 videtur.
1051 2368 1266 2441 Quippe
1286 2367 1398 2439 Ty-

371 2452 438 2504 rii
465 2471 574 2504 non
607 2450 751 2505 nude
779 2464 1065 2524 spectasse,
1091 2467 1398 2502 numerasse

371 2532 552 2584 omnia
597 2529 767 2584 sidera
819 2529 930 2584 coli
983 2527 1258 2594 dicuntur,
1303 2527 1421 2582 sed·

373 2623 513 2662 certa
553 2608 723 2662 sides-a
742 2647 758 2671 ‚
787 2625 1020 2679 quorum
1069 2609 1276 2680 positus
1315 2607 1396 2661 vel

373 2707 560 2742 cursus
576 2730 592 2755 ‚
620 2689 676 2740 in
714 2687 842 2740 caelo
880 2681 1194 2740 observatus
1209 2725 1225 2750 ,
1256 2687 1398 2738 utilis

374 2765 661 2841 dirigendae
704 2764 1025 2836 navigationi
1070 2777 1224 2818 esset.
1262 2765 1399 2817 Hinc

375 2847 528 2918 virg.
551 2848 678 2899 AEn.
707 2845 788 2898 vl
805 2886 822 2912 ‚
843 2845 946 2900 338
963 2886 978 2910 ,
1010 2843 1080 2897 de
1113 2843 1364 2896 Palinuro
1381 2880 1398 2906 ,

375 2927 723 2998 gubernatore
775 2923 961 2978 navis:
1001 2922 1175 2978 «dum
1225 2921 1399 2976 sidera

377 3018 551 3060 servat
569 3031 611 3058 ι.

451 3088 602 3152 1069.
635 3087 754 3135 Urbs
788 3090 918 3152 Iope.
952 3083 1126 3136 Faveo
1156 3083 1399 3156 partibus

377 3161 618 3217 Salmasii
673 3161 745 3214 ad
805 3161 972 3214 Solin.
1024 3181 1142 3238 cap.
1195 3163 1263 3226 34
1316 3183 1399 3236 pr.

378 3261 429 3313 p.
475 3249 593 3304 401.
633 3241 790 3292 Recte
830 3257 862 3293 a
903 3241 1161 3314 Dionysio
1202 3255 1254 3294 et
1285 3240 1401 3294 aliis

377 3321 626 3376 scribitur
664 3326 805 3387 Iope,
830 3319 1068 3390 simplice
1087 3343 1144 3389 p,
1174 3322 1296 3392 quia
1323 3323 1400 3373 sic

379 3402 540 3455 etiam
587 3400 644 3452 in
689 3399 955 3461 nummis;
984 3418 1158 3472 neque
1197 3400 1404 3453 nummi

377 3492 547 3535 metro
571 3479 872 3532 consulunt.
891 3469 1009 3533 Ῐόπη
1032 3496 1228 3530 nomen
1255 3479 1403 3534 Grae·

377 3579 500 3614 eum
556 3571 668 3622 est,
711 3576 821 3612 non
863 3551 1037 3614 idm.
1099 3557 1184 3614 Sic
1245 3558 1402 3612 etiam

377 3639 532 3692 multi
557 3639 751 3711 passim
778 3638 898 3690 libri
923 3637 1086 3710 Mspti
1117 3637 1260 3710 apud
1287 3638 1402 3693 Me-

373 3719 484 3773 lam
504 3756 519 3781 ,
539 3719 842 3772 Vitruvium
861 3756 877 3782 ,
897 3715 1212 3789 Josephum.
1236 3717 1408 3771 Cono-

377 3799 435 3850 ni
462 3815 676 3870 quoque
708 3797 854 3869 regio
881 3809 1205 3851 memoratur
1243 3791 1402 3851 Ῐοπία.

376 3876 604 3931 Fallitur
628 3897 754 3948 ergo
784 3877 1044 3930 Cellarius
1071 3878 1159 3940 11,
1185 3895 1238 3947 p.
1265 3879 1367 3940 443
1385 3918 1402 3940 ,

378 3956 473 4028 qui
493 3958 646 4009 metri
666 3975 852 4008 caussa
872 3957 1078 4009 literam
1100 3976 1128 4008 a
1153 3955 1406 4028 Dionysio

379 4039 602 4107 ejectam
631 4033 922 4090 contendit.
955 4030 1407 4088 Suum—Sevi&-

381 4133 476 4181 qne
515 4120 690 4169 dehinc
729 4119 973 4168 habitatur
1011 4117 1168 4168 Elais.
1207 4115 1406 4169 Sterilis

1485 1248 1681 1304 dicitur
1725 1248 1897 1319 Elais,
1916 1252 2041 1327 quia
2090 1252 2149 1307 in
2201 1254 2351 1309 arido
2398 1258 2514 1310 solo

1484 1351 1518 1383 0
1558 1332 1686 1387 time
1713 1333 1937 1387 veniunt
1972 1334 2117 1387 oleae.
2140 1334 2289 1409 virg.
2314 1336 2513 1413 Georg.

1485 1352 1576 1477 If,
1602 1430 1731 1483 179:
1753 1412 2052 1467 «Difficiles
2085 1415 2325 1486 primum
2368 1430 2519 1471 terras

1485 1490 1755 1565 collesque
1792 1492 2041 1566 maligni,
2061 1492 2263 1549 Tenuis
2300 1498 2391 1551 ubi
2430 1518 2517 1551 ar·

1485 1572 1613 1645 31110
1636 1584 1688 1625 et
1707 1572 1943 1627 dumosis
1966 1574 2199 1629 calculus
2223 1578 2381 1640 arvis,
2396 1580 2519 1633 Pal-

1487 1649 1630 1707 ludia
1658 1651 1893 1723 gaudent
1917 1653 2048 1707 silva
2071 1656 2273 1711 vivacis
2300 1658 2454 1713 oliva
2468 1684 2513 1711 τι.

1487 1730 1613 1783 vid.
1644 1730 1717 1785 ibi
1759 1730 1951 1787 Cerda.
1993 1734 2255 1789 Praeterea
2292 1738 2518 1791 Severus

1485 1810 1753 1877 (Lucilius
1776 1813 1809 1863 J
1813 1812 2001 1883 unior)
2020 1813 2075 1865 in
2100 1818 2260 1869 AEtna
2278 1835 2353 1869 vs.
2381 1820 2479 1869 262
2503 1836 2517 1871 ε

1489 1889 1772 1949 «As-idiota
1796 1903 1979 1944 tenent
2008 1892 2139 1946 oleoe
2158 1919 2199 1947 ιο.
2221 1894 2391 1947 Scan.

1568 1988 1717 2041 1070.
1740 1974 1981 2039 Gazaque
1995 1976 2214 2040 proceris
2235 1978 2519 2043 adsurgens

1486 2052 1706 2116 undique
1718 2052 1883 2103 muris.
1897 2048 2021 2103 Hae-c
2035 2049 2321 2123 descriptio
2336 2052 2495 2107 Gaza
2506 2096 2523 2119 ‚

1485 2126 1909 2187 additamentum
1969 2130 2157 2183 Avieni
2220 2144 2295 2183 est
2324 2152 2338 2185 :
2388 2134 2525 2186 bene

1486 2208 1741 2261 illustrari
1789 2221 1961 2281 potent
2012 2211 2131 2263 1000
2176 2211 2390 2264 Arriani
2449 2213 2519 2265 de

1485 2287 1687 2362 Exped.
1731 2288 1813 2339 Al.
1859 2288 1939 2357 11,
1976 2309 2021 2347 c.
2069 2293 2164 2344 26:
2202 2293 2409 2365 Μεγάλῃ
2461 2290 2516 2346 δὲ

1483 2369 1621 2430 πόλις
1642 2371 1674 2426 ἡ
1697 2370 1831 2430 Γάζα.
1852 2366 1928 2433 ἦν,
1946 2369 2035 2428 καὶ
2057 2370 2136 2422 ἐπὶ
2157 2373 2384 2443 χώματος
2408 2375 2521 2443 ὑψη-

1482 2453 1568 2502 λοῦ
1612 2449 1815 2520 ᾤκιστο,
1847 2448 1933 2502 καὶ
1972 2455 2129 2520 τεῖχος
2169 2451 2516 2522 περιεὸἐὲλητο

1485 2531 1609 2598 αὐτῇ
1638 2529 1824 2602 ὀχυρόν.
1848 2530 2017 2584 Scan.

1562 2627 1712 2678 1071.
1745 2614 1809 2660 Ee
1840 2615 2045 2674 Berytus
2074 2617 2287 2679 optima,
2318 2619 2514 2682 Byblos.

1485 2685 1657 2740 nuda.
1692 2687 1775 2740 ed.
1811 2694 2011 2754 Berytus
2038 2705 2085 2740 et
2109 2695 2307 2758 optima.
2346 2695 2521 2750 Cella-

1483 2767 1594 2820 rius
1629 2767 1823 2842 Geogr.
1852 2770 1975 2822 Ant.
2014 2769 2071 2820 11
2088 2810 2105 2838 ,
2130 2789 2181 2840 p.
2212 2773 2347 2841 379:
2372 2801 2397 2818 α
2416 2775 2518 2828 1³0-

1486 2859 1599 2900 stus
1620 2847 1854 2900 Avienus
1884 2847 2181 2900 transtulit:
2211 2853 2338 2904 Hinc
2366 2857 2518 2918 Zyras

1487 2940 1563 2976 ese
1600 2931 1801 2994 opulens
1816 2963 1833 2988 ,
1856 2931 2057 2995 Berytus
2103 2942 2153 2980 ee
2188 2932 2387 2998 optima.
2430 2933 2519 2986 Sic

1487 3005 1631 3060 enim
1686 3005 1784 3078 leg.
1833 3025 1943 3058 non
1988 3020 2039 3058 et
2080 3013 2317 3072 Berytus,
2370 3012 2515 3086 quod

1487 3096 1677 3138 contra
1691 3083 2061 3138 auctoritatem
2080 3085 2393 3142 Graecoruui
2414 3103 2492 3144 est
2504 3131 2519 3156 ,

1487 3163 1581 3236 qui
1606 3164 1831 3236 primam
1854 3175 1907 3216 et
1932 3164 2224 3218 secundam
2247 3168 2516 3238 produxe-

1485 3254 1675 3296 runt».
1702 3243 1840 3296 Sane
1868 3243 2043 3298 favent
2070 3245 2289 3317 Dionys.
2310 3267 2359 3298 v.
2384 3267 2483 3316 91¹
2500 3291 2517 3316 ,

1487 3337 1542 3374 et
1592 3321 1752 3376 Prisc.
1805 3325 1943 3386 8533
1990 3325 2263 3386 Joannes,
2296 3327 2514 3382 Anthol.
2548 3359 2557 3372 ·

1487 3401 1583 3454 Gr.
1602 3403 1648 3468 1,
1666 3405 1736 3456 68
1752 3440 1767 3466 ,
1790 3420 1883 3472 193
1905 3404 2129 3456 Nonuus
2154 3404 2303 3474 apud
2327 3407 2516 3462 Cellar.

1489 3481 1525 3533 l.
1568 3500 1613 3534 c.
1654 3481 1800 3534 Nihil
1841 3494 2015 3535 tamen
2045 3482 2101 3534 111
2132 3496 2283 3538 textu
2316 3506 2519 3544 novare

1491 3562 1745 3614 sustineo.
1768 3562 2035 3615 Ausonius
2062 3565 2214 3636 praef.
2240 3564 2307 3618 ad
2334 3568 2518 3642 Syagr.

1497 3659 1597 3694 20:
1630 3641 1947 3694 «AEmilium
1994 3641 2067 3696 ad
2102 3643 2359 3700 Scaurum
2378 3687 2395 3712 ,
2424 3650 2519 3704 Be·

1491 3721 1799 3794 rytiumque
1840 3719 2077 3774 Probum
2096 3745 2145 3774 n.
2190 3723 2353 3780 Sena.
2374 3758 2444 3770 --
2461 3735 2528 3782 Et

1494 3805 1734 3866 Berytlms
1758 3803 1937 3870 opu'ma
1948 3841 1965 3864 ‚
1987 3806 2183 3868 Bsblos.
2204 3805 2361 3878 Cusp.
2386 3807 2523 3864 Pith.

1495 3895 1542 3931 ec
1555 3886 1771 3945 Berytus,
1789 3884 1967 3948 optima
1982 3885 2174 3948 Byblos.
2187 3884 2325 3938 vad.

1574 3960 1721 4030 1073.
1760 3967 2020 4014 Boset-enus
2035 3966 2219 4032 jugera
2235 3968 2412 4032 findit.
2444 3969 2521 4022 De

1493 4037 1751 4092 Bostreno
1796 4039 1851 4092 fl.
1896 4059 2139 4111 quaerens
2189 4043 2365 4101 facete
2410 4067 2521 4102 nou

1495 4138 1715 4194 possum
1749 4139 1871 4174 cum
1912 4121 2117 4174 Ortelio
2150 4122 2207 4173 in
2241 4124 2399 4179 Thes.
2434 4127 2523 4181 cui

2125 4237 2233 4282 20.
