2996 4685
761 367 771 375 ’
883 402 1014 470 DE
1081 401 1164 467 R.
1213 400 1537 468 FEs'ro
1596 399 2003 470 AleNO.
2459 423 2507 494 9

355 555 480 612 ,πω
493 532 598 596 vel
615 529 1018 596 Musonianae
1038 549 1278 593 nomen
1302 526 1540 592 diserte
1562 544 1987 611 memoretur,
2010 528 2263 618 reperio
2290 544 2507 593 tamen

381 640 630 718 locum,
653 638 720 701 in
755 658 891 725 quo
925 635 1062 716 ejus
1095 635 1379 699 nominis
1411 635 1667 699 occulta
1698 635 1995 724 quidem,
2018 633 2135 699 sed
2168 657 2303 699 non
2332 657 2510 724 pror-

381 766 491 808 sus
535 765 700 807 vana
755 740 1140 830 significatio
1183 741 1394 806 inesse
1423 738 1699 806 videtur.
1740 741 1745 750 ’
1771 740 2071 830 Intelligo
2118 739 2510 830 epigramma

380 863 603 930 vetus,
645 847 825 936 quod
856 849 1086 912 Petrus
1120 849 1424 912 Burman.
1459 847 1725 912 Anthcl.
1758 847 1893 911 Lat.
1930 846 2044 911 lib.
2079 845 2216 927 111,
2251 867 2353 935 ep.
2386 843 2507 927 43,

380 977 524 1044 pag.
544 954 675 1035 486
707 954 974 1044 protulit
1001 977 1018 1018 ε

624 1107 845 1161 FAvsta
871 1125 1072 1161 novum
1094 1105 1299 1160 domini
1321 1105 1557 1160 condens
1582 1106 1813 1159 Fortuna
1838 1106 2108 1158 lavam-um

698 1195 893 1251 Invitat
921 1196 1086 1249 fessos
1111 1195 1220 1248 huc
1244 1213 1531 1268 properare
1552 1196 1719 1248 viros.

627 1283 810 1338 laude
825 1284 1002 1356 operis
1029 1281 1184 1336 fundi
1203 1282 1374 1355 capiet
1395 1301 1492 1336 eun
1514 1281 1705 1355 gaudia
1728 1281 1946 1353 presul,

700 1373 906 1445 Hospes
929 1356 1185 1426 dulciflua
1211 1369 1342 1424 dum
1366 1383 1636 1426 recreatur
1658 1388 1817 1443 aqua.

629 1458 921 1516 condentis
948 1471 1240 1514 monstrant
1259 1479 1441 1514 versun
1460 1457 1755 1532 primordia
1779 1478 1971 1514 nomen
1988 1499 2004 1525 ,

699 1550 1087 1621 Auctoremque
1112 1548 1242 1602 facit
1270 1547 1420 1602 litera
1444 1547 1615 1621 prima
1643 1549 1765 1622 legi.

625 1638 876 1690 Luntrent
896 1637 1162 1710 pontivagi
1182 1636 1410 1692 Cumani
1431 1637 1600 1691 litoris
1616 1649 1763 1690 antra
1778 1679 1795 1706 ,

691 1723 959 1797 Indigenae
979 1725 1224 1798 placeant
1245 1726 1368 1800 plus
1398 1726 1531 1780 mihi
1554 1725 1772 1780 delicia.

385 1889 730 1976 Inscriptio
752 1889 890 1954 haec
911 1905 1010 1954 est
1033 1891 1256 1972 fontia,
1273 1893 1378 1955 vel
1398 1891 1614 1956 balnei
1636 1889 1901 1979 publici,
1917 1890 1999 1955 ad
2020 1888 2512 1978 significandum

389 2015 632 2056 nomen
659 1995 1014 2059 conditoris
1042 1996 1390 2084 proposita.
1422 1997 1753 2079 Quoniam
1776 2017 1971 2060 versu
2001 1995 2233 2082 quinto
2256 1993 2525 2075 dicitur,-

385 2121 606 2162 versus
620 2100 976 2188 primordia
999 2121 1222 2164 nomen
1249 2101 1576 2166 condentis
1600 2114 1983 2182 monstrare,
2006 2099 2355 2165 et'initium
2377 2098 2515 2186 epi-

385 2205 758 2292 grammatis
807 2220 904 2269 est
943 2204 1200 2276 ,Fausta
1248 2227 1515 2288 novum,
1556 2206 1713 2270 hinc
1759 2208 2169 2271 Burmannus
2218 2203 2514 2284 conjicit,

387 2311 556 2375 forte
585 2311 640 2373 F
640 2310 991 2375 AUSTUM
1021 2325 1324 2376 vocatum
1361 2333 1502 2378 esse
1546 2311 1978 2378 conditorem.
2010 2313 2151 2402 Ego
2188 2333 2325 2377 non
2356 2310 2519 2375 inte·

388 2434 579 2505 grum
614 2416 888 2481 verbum
934 2416 1140 2497 initii,
1173 2416 1292 2481 sed
1337 2418 1797 2483 tantummodo
1840 2416 2053 2482 literas
2098 2419 2235 2500 ejus
2278 2417 2517 2505 primas

388 2520 817 2611 respiciendae
841 2522 1140 2603 arbitror,
1179 2523 1327 2611 quia
1350 2546 1578 2589 versus
1601 2540 1815 2588 sextus
1838 2526 2252 2613 pronuntiat,
2272 2523 2519 2587 literam

378 2628 664 2715 primam
714 2626 1075 2717 significare
1109 2642 1454 2693 auctorem.
1485 2630 1609 2695 Hic
1633 2653 1789 2694 vero
1818 2630 2019 2694 literis
2050 2629 2261 2694 tribus
2288 2628 2521 2718 priori-

389 2731 514 2796 bus
535 2730 703 2799 FAV
731 2754 1103 2821 expressum
1126 2733 1316 2798 video
1347 2758 1586 2799 nomen
1619 2735 1793 2799 Festi
1820 2734 2080 2816 Avieni,
2103 2736 2194 2798 ita
2216 2733 2479 2823 quidem
2500 2782 2519 2816 ,

389 2853 468 2903 ut
528 2838 687 2902 mihi
747 2839 931 2903 facile
992 2840 1412 2929 persuadeam
1436 2890 1457 2923 ,
1508 2840 1964 2930 epigrammate
2028 2841 2155 2905 hoc
2214 2840 2521 2905 celebrari

390 2946 646 3033 Aquam
677 2945 939 3013 Caesiam
963 2994 982 3028 ,
1012 2968 1157 3033 quae
1188 2946 1270 3011 ab
1290 2948 1537 3013 Avieno
1570 2963 1861 3037 reparata
1893 2962 1961 3011 et
1994 2945 2216 3012 denuo
2243 2947 2527 3034 publicis

387 3050 616 3137 usibus
648 3050 966 3132 dedicata,
998 3068 1193 3140 atque
1235 3054 1427 3118 Festa
1457 3054 1701 3118 Aviena
1731 3059 1956 3119 vocata
1988 3054 2091 3118 sit.
2128 3052 2319 3117 Juvat
2352 3052 2521 3119 hanc

391 3157 826 3236 conjecturam
841 3206 860 3239 ,
881 3158 1062 3246 quod
1074 3181 1267 3223 versu
1288 3161 1504 3250 primo
1524 3161 1769 3224 Fausta
1792 3158 2043 3225 domini
2060 3159 2349 3225 Fortuna
2370 3180 2526 3248 proe-

395 3258 667 3343 dicatur,
700 3286 845 3349 quae
879 3261 1104 3329 eadem
1131 3281 1231 3330 est
1258 3264 1517 3348 Nortia,
1548 3267 1654 3331 cui
1686 3290 1755 3331 se
1785 3263 2099 3331 devotum
2136 3264 2375 3329 fatetur
2404 3266 2525 3330 Fe-

393 3380 532 3429 stus
566 3366 848 3430 Avienus
883 3369 950 3431 in
999 3370 1426 3437 monimento.
1463 3370 1602 3437 Nec
1637 3374 1903 3437 fortasse
1952 3372 2083 3435 hoc
2130 3386 2527 3459 praetereun-

393 3472 552 3537 dum
569 3520 587 3553 ,
611 3468 932 3537 lavacrum
980 3472 1157 3540 Festi
1186 3478 1414 3541 Avieni
1449 3478 1559 3543 hic
1587 3501 1771 3567 aeque
1798 3500 1947 3541 cum
1984 3476 2237 3541 Baianis
2260 3478 2363 3544 vel
2392 3478 2526 3541 Cu-

395 3579 600 3644 manis
633 3579 818 3666 aquis
851 3583 1244 3668 comparari,
1272 3606 1346 3647 ae
1377 3586 1558 3649 caesii
1586 3584 1808 3649 Sabini
1832 3586 2081 3648 fontem
2116 3584 2187 3646 in
2218 3582 2526 3648 Martialis

394 3685 595 3776 epigr.
622 3686 730 3750 cit.
755 3684 881 3750 Sed
904 3683 1134 3751 desino
1153 3689 1340 3777 plura
1365 3688 1447 3755 de
1469 3692 1657 3779 Aqua
1690 3689 1921 3772 Caesia,
1938 3706 2005 3754 et
2020 3710 2213 3755 versu
2237 3684 2527 3753 secundo

395 3792 820 3872 monimenti,
847 3790 1062 3859 dicere
1085 3840 1103 3875 ‚
1127 3792 1310 3873 cujus
1345 3796 1949 3885 interpretationem
1986 3796 2193 3860 fateor
2229 3792 2531 3858 nonnihil

398 3898 642 3985 negotii
698 3897 864 3961 mihi
915 3897 1250 3979 objecisse.
1299 3901 1510 3989 Pergo
1554 3900 1637 3965 ad
1676 3924 1935 3967 versum
1994 3901 2263 3966 tertium
2318 3900 2534 3963 moni-

400 4018 630 4083 menti:

645 4140 849 4209 Nortia,
875 4154 928 4195 te
956 4162 1196 4211 veneror,
1223 4144 1332 4198 lare
1359 4158 1533 4199 cretus
1551 4146 1891 4203 Vulsiniensi.
