2996 4685
423 363 452 378 '
547 390 690 470 402
1010 381 1144 448 DE
1199 381 1548 451 Avmm
1600 381 1811 449 ons
1861 379 2209 449 Malus.

546 516 658 603 qui
685 527 1016 576 auctorem
1045 526 1218 573 recta
1245 528 1511 598 pergere
1536 531 1654 598 per
1676 509 1863 574 istam
1892 531 2103 591 oram,
2132 531 2459 598 nusquam
2482 509 2690 576 defle-
2762 515 2777 534 ⁸

545 638 752 700 etere,
786 633 852 682 et
887 615 1136 706 singula
1169 615 1481 679 continua
1512 617 1679 680 serie
1708 637 2007 680 enarrare
2042 631 2247 705 putet.
2276 617 2535 682 Etenim
2562 619 2685 705 qni

545 751 582 790 a
611 725 760 789 sinu
783 721 1106 788 Atlantico
1127 736 1195 784 et
1217 743 1256 784 a
1283 721 1623 785 Columnis
1650 721 1949 786 Herculis
1978 721 2263 810 incipere
2288 722 2565 805 videtur,
2590 723 2689 788 ita

543 831 760 896 statim
809 828 1121 909 excurrit,
1171 842 1247 891 ut
1290 828 1627 893 Oceanum
1676 828 2062 892 exteriorem
2079 875 2097 904 ‚
2144 828 2261 917 qui
2300 828 2683 918 Hispaniam

437 1015 442 1021 ⁶
541 935 782 1016 ambit,
810 951 879 1002 et
901 933 1226 1022 Hispaniae
1243 949 1468 1023 gentes
1491 931 1833 998 interiores
1852 955 1984 997 una
2008 933 2492 1024 complectatur.
2512 935 2687 1000 Nam

545 1039 864 1132 principio
905 1039 1116 1103 statim
1160 1059 1200 1102 a
1235 1038 1691 1127 promontorio
1708 1085 1726 1119 ,
1774 1037 1955 1126 quod
1990 1039 2417 1126 OEetrymnin
2459 1056 2683 1122 vocat,

545 1165 664 1240 per
685 1149 1019 1214 Oceanum
1045 1167 1269 1210 versus
1301 1146 1563 1234 Septem
1571 1147 1845 1210 trionem
1874 1143 1958 1210 ad
1986 1145 2229 1212 insulas
2266 1145 2685 1212 Cassiteride·

545 1273 614 1322 et
643 1253 1040 1320 Britannicas
1077 1251 1389 1333 excurrit,
1432 1268 1498 1316 et
1528 1252 1681 1316 litus
1717 1250 1880 1318 adeo
1910 1252 2129 1319 Gallim
2158 1252 2689 1342 septemtrionale

549 1359 843 1450 adtingit.
885 1358 910 1446 (
929 1357 1112 1422 vers.
1149 1378 1236 1444 90
1273 1355 1356 1421 ad
1403 1356 1595 1445 132.)
1623 1357 1766 1422 Alio
1796 1356 1977 1439 loco,
2014 1377 2051 1421 a
2086 1379 2146 1421 v.
2184 1355 2313 1444 390
2348 1379 2529 1446 seqq.
2566 1357 2685 1422 ubi

545 1487 722 1532 mare
777 1462 1144 1530 occiduum
1187 1460 1462 1550 adtingit
1500 1461 1721 1525 denuo
1737 1509 1755 1544 ,
1798 1461 2003 1526 totius
2046 1462 2323 1543 Oceani,
2364 1479 2685 1527 tert-anun

539 1571 770 1638 orbem
816 1567 1134 1658 cingentis
1148 1615 1167 1648 ,
1211 1565 1803 1632 considerationem
1842 1565 2248 1658 aggreditur,
2294 1583 2361 1632 et
2404 1583 2689 1655 quamor

543 1679 683 1758 ejus
745 1675 1018 1756 majores
1067 1673 1286 1753 sinus,
1349 1673 1776 1761 Hesperium,
1840 1675 2182 1762 Caspium,
2236 1675 2567 1740 Persicum
2616 1693 2689 1740 et

543 1783 920 1864 Arabicum,
953 1779 1134 1869 quasi
1155 1779 1276 1868 qui
1303 1779 1672 1844 universam
1696 1780 2152 1869 geographiam
2172 1779 2433 1862 doceat,
2461 1803 2691 1846 recen-

546 1907 661 1956 set.
689 1889 920 1978 Neque
936 1907 1092 1954 vero
1115 1886 1493 1951 interiorem
1518 1908 1698 1950 oram
1728 1885 2055 1974 Hispanioe
2076 1901 2255 1952 certo
2279 1901 2347 1951 et
2370 1889 2691 1954 continuo

541 1996 776 2062 ordine
805 2015 1145 2085 peragrare
1175 1991 1453 2056 videtur.
1487 1991 1618 2056 Ubi
1644 1991 2050 2079 aliquantum
2078 1993 2422 2080 processit,
2446 1994 2693 2058 iterum

555 2102 856 2168 recedere
871 2119 954 2166 eo
973 2149 990 2183 ,
1007 2098 1188 2164 unde
1204 2113 1472 2163 venerat
1483 2145 1503 2179 ,
1521 2097 1798 2181 videtur,
1818 2119 2067 2186 perque
2086 2097 2392 2164 eumdem
2408 2114 2695 2165 tractum

543 2207 666 2276 alia
709 2225 1027 2272 terrarum
1047 2251 1066 2287 ,
1113 2203 1490 2287 fluminum,
1544 2204 1809 2268 urbium
1847 2205 2111 2269 nomina
2134 2251 2153 2287 ,
2206 2205 2391 2294 quasi
2440 2228 2516 2270 ex
2568 2207 2695 2272 alin

553 2315 936 2402 diversaque
982 2311 1390 2391 recensione,
1435 2329 1849 2377 memorare.
1899 2332 2053 2375 mox
2092 2310 2337 2377 insulas
2378 2311 2571 2377 maris
2618 2313 2695 2377 in

555 2420 933 2509 propinquo
959 2418 1242 2499 jacentes
1268 2415 1642 2505 adtingere,
1680 2438 1833 2481 mox
1869 2433 2067 2481 terras
2094 2440 2131 2481 a
2172 2418 2365 2483 litore
2400 2416 2483 2482 ad
2514 2417 2695 2485 inte-

552 2524 730 2591 tion
763 2522 1159 2589 recedentes.
1189 2522 1334 2586 Has
1367 2522 1627 2587 iteratas
1666 2523 1963 2588 locorum
2004 2523 2411 2590 recensiones
2444 2525 2549 2589 vix
2585 2525 2697 2592 alii

553 2630 930 2697 adtribuere
981 2649 1218 2694 eaussoe
1261 2650 1645 2718 possumus,
1696 2650 1894 2718 qnam
1944 2629 2205 2694 lectioni
2250 2630 2696 2715 diversorum,

553 2738 794 2827 partim
827 2736 1428 2825 antiquissimorum
1449 2782 1467 2814 ,
1502 2734 1889 2823 scriptorum
1908 2782 1927 2815 ,
1960 2758 2243 2823 quorum
2278 2752 2531 2802 nan-ata
2554 2760 2701 2803 om-

563 2846 672 2909 nia
687 2891 705 2926 ,
733 2840 1026 2932 quamvis
1057 2836 1304 2905 diversa
1335 2856 1400 2903 et
1431 2838 1711 2905 subinde
1740 2841 2126 2929 pugnantia,
2154 2864 2469 2930 usurpare
2496 2844 2699 2909 Avie-

567 2968 692 3015 nus
712 2998 731 3031 ,
759 2964 826 3014 et
860 2948 1222 3037 constipare
1257 2948 1326 3010 in
1361 2967 1621 3011 carmen
1654 2970 1847 3012 suum
1860 2994 1878 3028 ,
1916 2948 2097 3012 nullo
2140 2945 2397 3015 delectu
2433 2949 2695 3033 habito,

563 3054 792 3121 ⁴voluit.
842 3054 1033 3117 Nulla
1080 3052 1216 3117 fere
1277 3074 1422 3141 pars
1477 3052 1653 3115 orbis
1704 3052 2123 3141 scriptoribus
2182 3054 2419 3119 Graeeis
2473 3057 2699 3122 minus

565 3160 829 3252 cognita
879 3174 948 3223 et
995 3157 1320 3245 explorata
1369 3156 1494 3221 fuit
1508 3204 1527 3237 ,
1568 3178 1763 3245 quam
1816 3157 2247 3227 occidentalis.
2302 3162 2461 3227 Fere
2514 3165 2697 3229 enim

565 3281 883 3334 noverant
905 3279 971 3329 et
989 3263 1402 3329 celebrabant
1433 3262 1783 3329 Columnas
1808 3264 2139 3347 Herculis,
2166 3282 2269 3349 et,
2308 3290 2451 3355 qum
2482 3286 2699 3334 exn-e·

571 3396 712 3441 mos
749 3372 926 3439 orbis
962 3368 1230 3437 habitati
1273 3367 1433 3433 fines
1473 3366 1797 3450 efficiunt,
1832 3370 2073 3434 insulas
2118 3389 2184 3436 et
2226 3376 2695 3462 promontoria.

499 3560 506 3569 ἱ
573 3484 814 3545 cmm
843 3475 1129 3559 ejusdem
1161 3472 1360 3563 partis
1395 3496 1472 3537 ex
1506 3474 1751 3538 incerta
1780 3476 1947 3539 fama
1978 3491 2045 3540 et
2074 3478 2250 3567 vagis
2282 3480 2697 3545 sermonibus

573 3584 1009 3674 navigantium
1027 3628 1048 3663 ,
1077 3604 1198 3673 pro
1225 3602 1348 3645 suo
1379 3580 1654 3668 quisque
1686 3597 1877 3669 captu
1909 3598 1977 3646 et
2004 3584 2268 3673 ingenio
2284 3634 2303 3667 ,
2339 3586 2695 3667 addebant,

570 3708 934 3777 vacuasque
967 3705 1034 3753 et
1061 3686 1420 3776 incognitas
1454 3686 1753 3776 regiones
1788 3687 2021 3753 fabulis
2054 3704 2119 3753 et
2150 3692 2535 3757 commentis
2566 3692 2699 3757 im·

571 3794 854 3885 plebant.
899 3794 1060 3875 Inde
1093 3810 1223 3877 est,
1253 3792 1436 3882 quod
1467 3794 1785 3875 Avienus,
1820 3794 2309 3884 antiquissimos
2350 3800 2701 3889 scriptores

571 3900 960 3988 compilans,
1009 3914 1108 3965 ter
1155 3916 1221 3963 et
1267 3899 1541 3987 amplius
1590 3900 1655 3963 in
1706 3901 1989 3966 carmine
2038 3926 2161 3967 suo
2210 3902 2291 3969 ad
2342 3906 2699 3971 Columnas

577 4006 895 4086 Herculis,
923 4004 1002 4069 ad
1025 4006 1430 4086 Tartessum,
1461 4004 1673 4070 Gades
1690 4053 1707 4087 ,
1738 4006 2267 4074 Promontorium
2296 4012 2559 4078 Sacrum
2578 4061 2597 4093 ,
2632 4030 2701 4076 et

571 4113 810 4179 vicinas
839 4112 1133 4200 regiones
1152 4158 1170 4193 ,
1203 4110 1455 4192 redeat,
1484 4110 1637 4175 falsa
1670 4114 1903 4200 pariter
1934 4130 1999 4189 et
2034 4116 2363 4204 antiquata
2398 4120 2697 4208 gentium
