2996 4685
610 608 1626 823 nSTRONOMICA
1693 734 2242 823 VETERA

735 967 2154 1101 EPIGRAMMATAK

735 1502 789 1568 1.
840 1500 974 1568 DE
1036 1470 1369 1569 smms
1434 1500 2095 1570 CAELESTIBUS.

458 1706 734 1772 Pnnims
774 1698 959 1767 adest
1000 1698 1197 1769 Aries
1232 1698 1518 1767 obscuro
1556 1695 1808 1766 lumine
1846 1696 2102 1786 labens,

459 1810 833 1903 Inflexique
872 1833 1049 1904 genu
1094 1808 1390 1904 projecto
1424 1832 1710 1901 corpore
1735 1812 2028 1896 TauruS,

460 1926 547 1996 Et
587 1922 863 1991 Gemini
906 1919 1162 1989 ciarum
1205 1919 1528 2013 jactantes
1567 1915 1830 1987 lucibus
1871 1920 2114 2013 ignem.

460 2030 731 2105 AEstifer
762 2045 860 2099 est
895 2030 1195 2124 pandens
1234 2028 1558 2098 ferventia
1592 2028 1810 2098 sidera
1847 2032 2125 2121 Cancri,

458 2150 661 2215 Hunc
701 2142 929 2213 subter
968 2138 1231 2237 fulgens
1263 2138 1459 2209 caedit
1491 2139 1592 2207 vis
1627 2154 1818 2207 torva
1847 2124 2135 2226 Leonis,
2469 2166 2490 2203 s

456 2254 677 2344 Quem
716 2250 923 2324 rutilo
959 2251 1261 2344 sequitur
1294 2247 1657 2319 conlucens
1693 2273 1972 2345 corpore
2001 2250 2251 2347 Virgo,

454 2364 628 2434 Exin
666 2363 979 2458 projectoe
1021 2360 1203 2432 claro
1240 2388 1392 2432 cum
1439 2361 1692 2433 lumine
1727 2360 1979 2450 Chelae,

464 2480 753 2571 Ipsaque
790 2475 1227 2572 consequitur
1265 2472 1494 2544 lucens
1530 2473 1632 2543 vis
1673 2497 1916 2569 magna
1946 2475 2196 2569 Nepai,

454 2585 625 2655 Inde
660 2585 1149 2680 Sagittipotens
1187 2583 1421 2652 dextra
1460 2583 1708 2652 flexum
1745 2599 1927 2652 tenet
1965 2610 2232 2673 arcum,

455 2700 615 2766 Post
640 2696 821 2764 hunc
857 2692 1193 2766 cornifero
1220 2695 1671 2786 Capricornus
1714 2693 1930 2762 sidere
1965 2696 2201 2788 pergit.

1595 2821 1616 2852 ἱ

428 2906 453 2932 *
484 2904 599 2956 Hoc
617 2914 667 2956 et
686 2903 954 2975 sequentia
971 2901 1341 2972 epigrammata
1359 2939 1374 2964 ,
1448 2903 1587 2969 fero.
1609 2900 1736 2954 Stat.
1747 2901 1918 2953 Theb.
1942 2901 2043 2964 IV,
2070 2901 2174 2968 693
2195 2918 2209 2955 :
2235 2903 2489 2960 -AEstifer

358 3003 420 3039 ex
451 2983 666 3036 Anthol.
694 2985 812 3035 Lat.
842 2979 1135 3034 Burmanni
1158 2997 1259 3034 sec.
1288 2998 1375 3036 ex·

356 3075 533 3135 cerpta
548 3103 564 3128 ,
592 3060 795 3114 Arateis
808 3059 997 3113 Avieni
1017 3058 1205 3131 subjici
1222 3058 1379 3130 digna

357 3143 467 3196 visa
494 3153 633 3193 sunt.
661 3141 880 3192 Exstant
900 3138 1062 3191 Anth.
1082 3138 1176 3192 lib.
1191 3139 1263 3204 V,
1289 3155 1377 3210 ep.

360 3229 428 3287 4ο
454 3232 505 3275 et
534 3239 678 3292 seqq.
700 3220 803 3271 En.

432 3321 483 3352 2.
511 3301 794 3372 Infleaeique
809 3317 963 3366 genu.
979 3301 1145 3349 Genus
1162 3295 1220 3348 in
1246 3315 1382 3350 mar-

355 3381 474 3453 gine
514 3379 713 3432 codicis
758 3378 840 3430 sui
887 3387 1160 3430 notaverat
1201 3377 1380 3430 Heins.

354 3460 562 3513 Vellem
584 3460 881 3528 Instcxoque
893 3475 1028 3524 germ
1047 3457 1314 3522 projectus.
1338 3461 1382 3507 Ο

355 3541 415 3592 in
440 3559 499 3590 us
527 3555 666 3609 sepe
697 3534 1016 3589 mutandum
1052 3535 1123 3587 ob
1148 3545 1377 3588 veterem

353 3616 815 3673 abbreviationem.
838 3618 1045 3682 Corpore
1054 3624 1180 3665 tunc
1200 3631 1375 3667 emen-

355 3696 594 3750 dandum
625 3713 847 3763 corpora.
886 3693 1073 3747 Avien.
1102 3691 1377 3746 Phaonem.

358 3785 492 3843 424,
528 3773 599 3828 de
622 3775 836 3827 Tauro:
874 3797 897 3820 e
920 3773 1056 3828 flexo
1088 3775 1231 3846 jacet
1268 3772 1379 3828 iliic

355 3875 511 3910 crure
537 3881 579 3909 ιν.
610 3855 789 3908 Burm.
816 3853 935 3906 vult
950 3856 1273 3926 Infleoeusque
1291 3872 1381 3921 ge-

354 3957 443 3998 nu,
474 3954 585 3989 non
611 3933 769 3988 male.
795 3933 897 3986 En.

427 4022 477 4078 4.
501 4015 724 4083 AEsnfer.
749 4011 909 4066 Silius
928 4028 1140 4082 quoque
1168 4011 1291 4064 Ital.
1317 4011 1344 4062 1
1360 4049 1375 4074 ‚

360 4101 459 4162 194
473 4131 488 4156 ,
512 4097 752 4146 Cancrum
777 4091 1037 4159 oestffemm
1070 4089 1296 4156 vocavit,
1314 4103 1379 4143 ut

352 4175 489 4227 bene
506 4171 793 4227 vindicavit
816 4169 1085 4222 Drakenb.
1106 4188 1204 4241 pro
1226 4173 1379 4221 Pesti-

1466 2980 1721 3052 Erigones
1743 2993 1954 3054 spumat
1974 2980 2122 3033 canis
2144 3005 2189 3033 ι.
2224 2982 2329 3035 En.

1541 3059 1590 3113 5.
1622 3063 1777 3112 Coedie
1799 3065 1880 3113 vis
1905 3075 2058 3112 torva.
2080 3061 2262 3116 Posset
2289 3064 2390 3135 legi
2406 3085 2490 3118 ee·

1468 3141 1544 3190 die
1560 3159 1578 3190 .·
1624 3139 1872 3193 Heinsius
1919 3139 2216 3212 conjecerat
2265 3163 2320 3195 se
2359 3147 2453 3196 dae
2469 3165 2491 3196 .·

1468 3219 1650 3272 Burm.
1678 3238 1802 3273 cum
1831 3219 2052 3273 Schrnd.
2082 3222 2295 3293 proefert
2316 3227 2487 3276 savit.-

1469 3296 1666 3352 durum
1687 3300 1758 3354 ob
1784 3318 2008 3372 sequens
2033 3304 2128 3352 vis.
2152 3300 2248 3353 En.

1539 3396 1593 3448 7.
1617 3381 1752 3431 Exin
1772 3381 2021 3447 projectae.
2041 3377 2483 3449 Chelaepmjectoe‚

1469 3468 1528 3508 ut
1573 3476 1734 3531 supra
1775 3467 1988 3519 taurus,
2049 3456 2084 3510 i.
2126 3476 2172 3510 e.
2211 3469 2444 3513 externo
2465 3498 2484 3524 ‚

1466 3553 1626 3608 quam
1637 3535 2070 3607 significationem
2081 3535 2484 3594 illustratHeins.

1464 3612 1536 3667 ad
1555 3613 1699 3684 Vix-g.
1725 3615 1775 3666 X
1791 3651 1807 3676 ,
1836 3615 1954 3685 587.

1540 3694 1588 3747 8.
1620 3696 1706 3744 Vis
1745 3713 1936 3761 magna
1974 3698 2161 3762 Nepai.
2199 3695 2264 3748 In
2298 3695 2485 3754 codice

1466 3771 1617 3825 Leid.
1645 3775 1726 3824 vt}
1749 3776 1974 3824 maxima
2001 3775 2159 3824 Libroe
2174 3794 2193 3826 .·
2213 3773 2309 3828 sed
2335 3777 2486 3850 Nepa

1467 3853 1705 3924 scorpius
1741 3865 1833 3906 est.
1857 3851 1998 3906 Vide
2036 3867 2190 3908 notas
2230 3855 2298 3908 ad
2325 3857 2485 3912 Colu-

1469 3933 1610 3986 mell.
1637 3931 1718 3998 X,
1745 3932 1832 4003 57,
1874 3943 2005 3986 tom.
2045 3946 2174 4008 sept.
2215 3947 2268 3989 et
2300 3937 2487 3992 ultimo

1466 4011 1624 4084 hujus
1649 4012 1836 4083 operist
1856 4011 1958 4065 En.

1543 4109 1626 4144 10.
1659 4095 1806 4144 Vada
1845 4095 2068 4162 repo-1312
2103 4093 2489 4152 Abour-diuina

1468 4170 1650 4231 lectio,
1695 4191 1794 4244 pro
1823 4189 1932 4244 qna
1967 4173 2018 4225 in
2057 4174 2302 4244 operibus
2337 4175 2492 4230 Beda

2087 4267 2201 4348 40.
