2996 4685
685 381 1320 454 TESTIMONIA
1375 381 1965 470 AUCTORUM‚
2008 399 2135 454 etc.
2384 389 2469 460 81

338 523 630 587 imitatus
660 517 1052 605 Dionysium
1081 515 1382 580 Graecum
1414 529 1697 602 poetam.
1723 515 1821 580 De
1848 517 2187 582 maritimis
2216 541 2482 608 quoque

339 625 593 717 scripsit
631 621 922 688 iambicis
956 618 1250 685 versibus
1269 667 1290 702 ,
1333 619 1648 685 intactum
1691 643 1860 710 opus
1892 622 2135 688 Latinis
2170 624 2480 713 ingeniis,

339 747 666 820 tantaque
692 726 1091 794 difficultatis
1105 775 1126 810 ,
1157 742 1236 790 ut
1266 724 1384 790 diu
1411 727 1827 815 multumque
1858 728 1983 793 sibi
2015 729 2481 796 elaborandum

338 836 533 902 fuerit
565 837 636 900 in
671 859 752 900 eo
791 831 1208 897 absolvendo·
1261 831 1360 894 De
1397 831 1528 895 hoc
1576 850 1877 920 poemate
1928 835 2021 899 sic
2066 835 2243 900 idem
2286 836 2483 900 Avie-

341 963 468 1006 nus
492 940 724 1007 refert:

619 1127 844 1190 Laboris
869 1139 1048 1182 autem
1077 1126 1332 1180 terminus
1357 1127 1528 1180 nostri
1560 1126 1649 1180 hic
1673 1127 1773 1180 erit
1788 1167 1805 1194 ,
1829 1141 1929 1182 etc.

337 1320 534 1386 Plura
562 1319 632 1383 in
664 1319 794 1384 hoc
825 1339 1024 1406 opere
1060 1317 1335 1382 inseruit
1376 1339 1458 1382 ex
1502 1318 1691 1382 variis
1730 1334 1927 1406 atque
1971 1319 2325 1386 reconditis
2354 1343 2473 1386 au-

336 1425 648 1492 ctoribus.
683 1423 1017 1514 Praecipue
1071 1439 1392 1514 sequutus
1445 1439 1579 1507 est,
1612 1441 1689 1490 ut
1721 1424 1859 1515 ipse
1910 1441 2211 1510 testatur,
2234 1457 2237 1460 ⁴
2264 1429 2481 1494 Hem·

335 1532 538 1598 teium
589 1529 916 1596 Milesium
937 1579 956 1608 ,
1017 1528 1421 1596 Hellanicum
1465 1530 1775 1596 Lesbium
1796 1579 1815 1614 ‚
1888 1531 2231 1598 Philonem
2272 1533 2479 1598 Athe·

335 1639 628 1704 niensem
643 1686 664 1721 ,
717 1636 1226 1702 Pausimachum
1249 1684 1269 1720 ‚
1319 1638 1709 1704 Euctemum
1732 1689 1750 1724 ,
1797 1639 2107 1706 Cleonem
2152 1641 2441 1708 Siculum
2460 1691 2481 1725 ,

334 1744 625 1832 aliosque
667 1743 1072 1831 permultos3
1117 1759 1194 1807 ut
1227 1746 1797 1834 praetermittamus
1832 1745 2117 1812 Annales
2158 1747 2442 1812 Punicos
2458 1794 2476 1821 ‚

335 1872 374 1912 a
408 1848 648 1936 quibus
685 1849 1026 1935 complura
1054 1848 1270 1935 accepi
1278 1863 1322 1912 t.
1357 1847 1590 1936 Neque
1622 1849 1893 1934 desunt,
1926 1852 2043 1941 qui
2076 1851 2448 1918 existiment
2462 1874 2491 1934 ,⁸

336 1953 540 2018 fuisse
581 1953 702 2017 alia
750 1953 1108 2040 composita
1155 1952 1239 2016 ab
1289 1951 1523 2018 eodem
1574 1955 1847 2020 Avieno.
1904 1955 2165 2020 Servius
2212 1955 2479 2044 quidem

335 2057 812 2128 Grammaticus
827 2103 846 2138 ‚
879 2076 1085 2144 quum
1128 2055 1213 2120 de
1261 2057 1535 2122 cometis
1566 2057 1857 2142 disserit,
1892 2059 2211 2124 Avienum
2248 2060 2476 2126 scribit

334 2162 562 2228 fecisse
607 2160 990 2252 Virgilianas
1033 2157 1282 2226 fabulas
1333 2160 1627 2227 iambicis
1670 2164 1965 2230 versibus
1982 2211 2001 2246 ,
2056 2180 2123 2230 et
2172 2165 2483 2230 historica

335 2267 630 2359 quaedam
668 2289 749 2334 ex
777 2267 958 2332 libris
989 2267 1265 2333 Livianis
1293 2291 1310 2333 ε
1351 2289 1484 2357 qua
1514 2269 1585 2332 in
1620 2291 1691 2334 re
1728 2291 1867 2334 non
1914 2271 2066 2336 satis
2112 2269 2326 2336 habeo
2367 2295 2479 2337 ex·

333 2377 658 2467 ploratum
675 2424 694 2451 ‚
747 2397 830 2439 an
883 2375 1022 2439 haec
1069 2374 1154 2441 ad
1195 2369 1502 2440 eumdem
1544 2376 1679 2440 sint
1722 2376 2059 2443 referenda
2072 2424 2093 2457 ‚
2148 2379 2269 2442 etsi
2316 2380 2480 2446 ratio

335 2497 708 2570 temporum
749 2481 1028 2545 maxime
1057 2480 1384 2571 congruit.
1427 2481 1613 2545 Inter
1644 2481 1887 2547 anticos
1922 2482 2246 2571 praecipue
2278 2485 2482 2549 coluit

335 2586 765 2677 Myrmeeium
813 2586 1190 2657 Flavianum
1205 2632 1225 2668 ,
1268 2585 1484 2649 virum
1528 2586 1957 2651 clarissimum
1972 2635 1993 2670 ‚
2044 2603 2113 2654 et
2142 2588 2436 2653 Probum
2460 2640 2479 2667 ,

337 2693 522 2775 cujus
553 2693 864 2757 virtutem
903 2707 1101 2780 atque
1142 2691 1537 2779 probitatem
1585 2713 1981 2782 magnopere
2024 2693 2441 2759 commendat
2455 2742 2476 2777 ,

337 2797 550 2863 diceto
582 2798 674 2863 illi
701 2798 1037 2863 volumine
1081 2796 1163 2861 de
1204 2795 1567 2861 Maritimis.
1604 2798 1759 2862 Haec
1789 2813 1947 2863 sunt
1963 2845 1983 2880 ,
2020 2820 2167 2887 quoe
2195 2798 2473 2889 legimus

337 2903 420 2971 de
466 2904 596 2969 hoc
631 2905 882 2970 Avieno
930 2900 1104 2991 apud
1158 2917 1408 2967 veteres
1467 2918 1785 2969 auctores.
1836 2904 1937 2970 De
1962 2904 2222 2989 ‘Avieno
2280 2922 2475 2994 poeta

337 3010 565 3077 Graeoo
583 3060 603 3093 ,
640 3012 824 3095 cujus
870 3012 1180 3099 leguntur
1226 3009 1687 3099 epigrammata
1706 3058 1725 3093 ‚
1770 3009 1935 3075 nihil
1974 3006 2329 3076 dicendum
2376 3028 2474 3075 est

325 3119 466 3183 ·hoc
503 3121 674 3184 loco.

339 3356 451 3420 VI.
486 3354 772 3420 JOACH.
806 3350 1276 3434 VADIANUS,
1307 3354 1377 3418 in
1403 3354 1865 3422 rudimenta-ia
1891 3358 1961 3420 in
1994 3356 2467 3447 Geographiam

413 3462 768 3543 catechesi,
802 3482 946 3549 quae
977 3461 1394 3549 praemittitur
1419 3462 1561 3543 ejus
1594 3465 2066 3530 commentario
2094 3466 2169 3529 in
2192 3465 2427 3531 Melam
2442 3516 2462 3549 ,

415 3593 553 3660 cap.
592 3567 653 3634 3.

417 3782 514 3846 De
553 3778 866 3845 limitibus
906 3800 944 3842 a
980 3792 1150 3842 terra
1183 3778 1458 3869 sumptis
1470 3778 1851 3867 ,Dionysius
1894 3780 2044 3859 satis
2084 3742 2358 3871 explicat
2392 3784 2455 3846 in

331 3886 683 3975 Periegesi,
719 3884 858 3951 sive
881 3884 1126 3947 Rufum
1144 3931 1163 3965 ‚
1197 3904 1314 3947 seu
1343 3883 1775 3949 Palaemonem
1806 3884 1954 3974 quis
1982 3886 2155 3976 legit.

545 4231 626 4297 V.
2138 4226 2185 4293 6
