2996 4685
764 332 1377 400 DESCRIPTIO
1440 333 1744 444 ORBIs
1810 333 2180 400 TERRAE.

2401 331 2540 401 263

508 453 734 524 Tellus
772 451 986 522 multa
1026 452 1307 539 dehine,
1346 467 1412 522 et
1450 453 1676 546 longis
1708 453 2008 522 tenditur
2049 454 2246 522 arviS.

508 569 633 636 Ast
664 565 891 634 Asiam
928 563 1257 634 incumbit
1292 577 1477 631 vasto
1519 587 1712 631 mons
1749 587 1990 656 aggere
2021 567 2312 650 Taurus,

510 681 959 769 Interstatque
986 675 1155 768 jugo
1192 671 1514 756 mediam,
1551 671 1943 768 Pamphylia
1983 697 2222 766 campo
2469 702 2546 744 ⁸40

513 789 669 876 Qua
705 787 921 880 jacet,
964 785 1325 880 incipiens,
1365 809 1445 852 ac
1478 783 1742 852 verticis
1779 781 1989 851 ardua
2025 783 2212 853 ducit

510 897 834 967 Indorum
880 897 947 964 in
989 895 1307 990 pelagus:
1348 917 1530 962 nunc
1563 907 1781 962 autem
1820 894 2106 989 subrigit
2146 895 2318 963 idem

416 1088 459 1141 ti
485 1107 723 1161 cpussam
752 1107 861 1144 nou
883 1087 1089 1158 reperio
1106 1128 1122 1152 ,
1152 1087 1253 1140 nisi
1278 1088 1435 1140 soler-

416 1170 547 1223 tiam
569 1169 653 1220 vel
673 1167 949 1240 περιεργίαν
962 1166 1216 1230 vadiani,
1237 1165 1331 1238 qui
1356 1167 1433 1220 le·

418 1266 545 1318 gena
572 1247 627 1299 in
656 1246 910 1317 Dionysio
938 1246 1070 1312 634,
1104 1255 1155 1297 et
1179 1244 1435 1298 Priscian.

418 1326 755 1390 626,circum
770 1325 1079 1397 Hyrcanum
1094 1323 1175 1378 vel
1188 1325 1437 1395 Caspium

418 1425 563 1460 mare
580 1407 887 1458 innumeros
904 1402 1146 1457 homines
1163 1403 1404 1456 habitare
1420 1442 1436 1467 ,

416 1485 582 1557 idque
602 1485 661 1538 in
678 1485 879 1538 Avieno
894 1481 1215 1546 desiderans,
1235 1483 1441 1554 putavit

418 1584 542 1619 eum
593 1567 770 1618 locum
820 1561 1032 1616 aliunde
1082 1562 1435 1634 supplendum

418 1663 550 1699 esse.
588 1643 728 1697 Nam
768 1645 979 1709 Scythia·
1018 1645 1184 1710 gemis
1220 1641 1438 1714 quidem

418 1724 704 1797 Dionysius
736 1724 841 1775 hoc
874 1723 995 1775 loco
1027 1739 1137 1773 non
1170 1720 1440 1785 meminit,

420 1815 476 1856 at
512 1814 770 1856 memorat
804 1801 948 1853 Mela
986 1799 1053 1853 de
1093 1799 1210 1852 sinu
1244 1799 1441 1872 Caspio

422 1901 581 1954 agens
599 1923 612 1948 ,
644 1883 762 1944 111,
792 1881 855 1944 5,
880 1880 979 1932 32:
1011 1905 1037 1924 α
1057 1878 1138 1931 Ad
1167 1879 1439 1931 introeun-

422 1964 558 2015 tium
615 1962 851 2014 dextram
915 1959 1125 2032 Scytha}
1177 1958 1441 2014 Nomades

422 2043 545 2094 freti
571 2041 817 2094 litoribus
842 2037 1132 2094 insident».
1170 2040 1277 2104 Qui
1310 2039 1441 2110 Scy·

422 2121 529 2172 thas
590 2119 859 2176 Nomades
903 2119 1049 2173 haud
1109 2118 1444 2172 incommode

420 2199 593 2253 verbis
604 2198 831 2252 vadiani
845 2198 1215 2253 describuntur
1228 2217 1241 2250 :
1264 2223 1287 2245 ιι
1300 2197 1444 2250 Gens

421 2279 645 2353 Scythiae
658 2277 889 2351 dispersa
904 2317 919 2342 ,
934 2278 1183 2349 vagisque
1194 2276 1444 2330 sedilibus

424 2360 529 2413 exit
550 2384 593 2412 a».
629 2359 813 2412 Paullo
848 2360 1071 2412 inferius
1100 2360 1211 2429 ipsc
1241 2358 1444 2429 Diony-

424 2441 535 2493 sius
574 2457 649 2491 vs.
686 2441 788 2509 728
813 2477 828 2502 ,
862 2451 915 2491 et
950 2439 1181 2491 Avienus
1207 2456 1284 2491 vs.
1315 2442 1443 2506 906,
1490 2442 1497 2451 ’

423 2518 642 2591 Scythas
666 2528 959 2570 memorant
980 2517 1188 2570 accolas
1213 2536 1321 2570 esse
1337 2518 1443 2570 Ca-

426 2597 527 2667 spii
568 2597 739 2650 maria.
774 2596 884 2650 Sed
912 2596 1014 2649 hoc
1056 2596 1223 2668 magia
1263 2615 1473 2668 repre--

426 2674 595 2728 hendi
620 2686 851 2728 meretur
867 2675 1169 2742 vadianus,
1190 2673 1336 2746 quod
1362 2676 1446 2727 in-

428 2755 542 2807 vito
561 2766 779 2809 auctore
794 2774 893 2807 auo
910 2754 1017 2806 huc
1033 2754 1245 2806 intrusit
1260 2794 1275 2819 ,
1303 2752 1450 2825 quod

428 2836 533 2889 alio
555 2833 675 2888 loco
697 2838 809 2908 jam
836 2834 1099 2897 exstabat,
1126 2850 1293 2904 quum
1320 2851 1452 2903 pras·

429 2914 608 2969 sertim
636 2916 690 2967 in
720 2917 835 2986 ipso
856 2914 1061 2967 Avieno
1082 2914 1258 2966 inuitis
1278 2930 1451 2965 exem-

430 2994 529 3065 plis
552 2994 772 3048 edoctus
790 3004 924 3047 esset
942 3030 957 3056 ,
989 3012 1151 3065 quam
1177 2994 1345 3045 multa
1362 2994 1451 3046 iile

432 3075 599 3127 soleat
620 3092 653 3128 a
676 3072 933 3146 Dionysio
968 3085 1018 3125 et
1048 3072 1316 3126 Prisciano
1342 3092 1452 3126 me-

432 3165 635 3205 morata
659 3154 939 3224 prseterire.

508 3232 630 3299 839.
673 3234 845 3282 Asiam
880 3234 1111 3283 incurvabit
1134 3232 1268 3284 Ven.
1310 3232 1449 3285 Pith.

438 3309 604 3362 Huds.
631 3310 849 3363 Camers
874 3310 942 3362 ad
971 3310 1341 3381 Priscian.629
1359 3350 1373 3374 ‚
1402 3324 1455 3364 et

439 3388 574 3443 Vad.
602 3388 839 3443 scribunt
860 3392 1012 3440 Λεία.

509 3470 630 3533 840.
668 3474 1022 3535 Inter-statque,
1062 3468 1101 3521 i.
1128 3488 1175 3520 e.
1201 3478 1301 3521 stat
1322 3468 1458 3522 inter

440 3548 666 3601 mediam
682 3551 810 3620 jugo
826 3560 1013 3611 suo‚ut
1027 3566 1074 3600 v.
1093 3546 1192 3600 255
1209 3566 1223 3599 :
1240 3548 1347 3602 -Sic
1364 3569 1456 3604 va·

441 3630 510 3681 sti
524 3628 689 3681 moles
699 3627 868 3699 pelagi
887 3626 1271 3680 interfunditur
1287 3646 1404 3683 oras
1414 3656 1457 3682 a.

441 3740 512 3749 --
538 3710 823 3775 Pamphyh'a
851 3726 1024 3775 campo
1056 3712 1165 3774 Qua
1174 3710 1317 3775 jacet
1343 3712 1464 3759 inci·

434 3792 595 3857 piens.
604 3788 760 3839 Forte
772 3806 969 3855 campos
988 3791 1096 3853 Qua
1099 3790 1257 3856 jacet.
1273 3786 1462 3841 Hunis.

444 3866 528 3920 Sic
548 3886 592 3917 v.
616 3867 711 3935 39:
732 3890 757 3910 α
773 3865 967 3936 Cespes
980 3878 1122 3935 terga
1131 3868 1315 3937 Jacens
1329 3867 1464 3919 Asiae

444 3945 679 4001 succedit
724 3946 781 3997 in
826 3964 1006 3998 oras».
1043 3945 1149 3998 Sed
1194 3946 1464 4016 vulgatam

445 4026 651 4080 Soiinus
674 4023 911 4078 defendit
934 4042 1051 4094 cap.
1076 4026 1143 4092 39
1159 4066 1174 4089 ,
1195 4024 1281 4077 ed.
1305 4024 1462 4077 Salm.

447 4109 516 4162 de
552 4108 773 4163 Cilicia:
818 4135 844 4154 α
872 4108 1105 4161 Plurima
1138 4110 1278 4183 jacet
1323 4126 1465 4160 cam-

1523 1107 1596 1158 po
1613 1112 1652 1139 ·.
1692 1086 1850 1140 Hunc
1889 1100 2068 1140 autem
2112 1107 2252 1160 saepe
2292 1089 2548 1149 imitatur.

1523 1167 2042 1236 &nm—Pamphylia
2063 1167 2338 1238 (PamRrIia
2359 1169 2550 1242 Cusp.)

1525 1264 1698 1314 campo
1720 1264 1905 1298 omnes
1930 1245 2055 1302 edd.

1599 1325 1697 1389 841
1710 1365 1723 1377 .
1749 1329 1838 1376 Ad
1855 1329 2055 1377 verticis
2074 1331 2236 1378 ardua
2253 1331 2388 1379 ducit
2403 1333 2550 1380 Indo-

1527 1409 1872 1473 rumpelagus.
1899 1405 2130 1458 Pricaeus
2152 1406 2220 1458 ad
2248 1408 2406 1461 Lucae
2433 1427 2549 1480 cap.

1530 1486 1623 1549 23,
1647 1483 1701 1548 5,
1726 1502 1774 1555 p.
1799 1491 1922 1554 471,
1939 1503 1968 1536 e
1995 1485 2249 1554 Dionysio
2271 1486 2550 1557 legendum

1527 1574 1708 1616 monet
1729 1579 1744 1615 ε
1789 1587 1812 1608 ι
1838 1563 2152 1636 Pamphylia
2196 1583 2386 1638 campo
2431 1567 2550 1631 Qua

1525 1647 1666 1716 jacet
1705 1642 2001 1713 incipiens,
2037 1657 2091 1697 et
2129 1645 2338 1698 verticis
2383 1645 2550 1700 ardua

1530 1721 1728 1775 ducens
1745 1723 2005 1777 Indorum
2023 1725 2090 1778 ad
2109 1725 2377 1797 pelagusn.
2403 1725 2554 1778 Hud-

1530 1821 1712 1870 sonus,
1733 1804 1824 1875 qui
1845 1823 1902 1858 se
1920 1805 2192 1876 profitetur
2211 1805 2549 1858 emendasse:

1530 1908 1556 1926 α
1577 1901 1642 1935 ac
1666 1884 1872 1936 verticis
1911 1883 2078 1936 ardua
2109 1883 2256 1937 ducit
2294 1883 2552 1938 Indorum

1531 1960 1598 2014 ad
1627 1963 1841 2033 pelagus
1859 1989 1884 2008 κ
1913 1962 2118 2016 honore
2141 1963 2350 2016 fraudat
2369 1965 2556 2018 inven-

1531 2053 1701 2094 torem
1737 2042 2068 2113 popularem.
2109 2043 2233 2114 Ipse
2270 2041 2422 2095 edam
2461 2043 2555 2094 ali-

1533 2122 1750 2192 quando
1763 2141 1882 2175 cum
1899 2123 2067 2177 Huds.
2081 2143 2144 2174 αο
2163 2126 2387 2185 verticis,
2408 2124 2562 2194 quod·

1533 2201 1694 2253 offert
1733 2201 1852 2255 cod.
1875 2203 1946 2254 V.
1983 2201 2176 2254 deinde
2219 2222 2282 2254 ex
2319 2208 2554 2256 Indorum

1523 2285 1732 2350 pelagus
1755 2299 1918 2353 parva
1938 2322 1953 2348 ,
1985 2279 2066 2332 vel
2096 2281 2239 2334 nulla
2265 2282 2556 2335 mutatione

1532 2358 1736 2431 refingo
1761 2365 1997 2411 Indorum
2024 2364 2073 2411 in
2086 2365 2313 2429 pelagus.
2341 2360 2552 2415 Etenim

1534 2444 1583 2490 in
1601 2441 1908 2510 absorptum
1928 2441 1996 2491 ab
2020 2460 2099 2490 um
2115 2480 2130 2499 ,
2153 2452 2214 2492 ut
2233 2440 2434 2493 millies.
2469 2440 2554 2494 Sic.

1533 2530 1707 2571 autem
1735 2538 1784 2569 v.
1817 2526 1948 2585 1049
1973 2536 1986 2570 :
2013 2520 2241 2571 -Totam
2259 2521 2434 2575 Asiam
2450 2521 2556 2573 >cel-

1537 2598 1580 2649 si
1609 2597 1852 2669 praecingi
1878 2598 2076 2650 vertice
2091 2598 2258 2651 Tauri
2275 2598 2476 2651 Extima
2499 2601 2556 2653 in

1537 2676 1796 2730 Indorum
1825 2703 1872 2728 υ.
1926 2676 2086 2729 Conf.
2114 2676 2254 2730 Piin.
2275 2678 2346 2743 V,
2383 2697 2432 2740 1,
2468 2696 2553 2747 27.

1537 2755 1780 2828 Denique
1803 2758 2042 2828 suspicor
2053 2766 2300 2826 ‚poetam
2335 2775 2446 2808 non
2473 2762 2561 2809 du-

1540 2838 1610 2886 cit
1627 2835 1923 2905 scripsisse,
1960 2833 2052 2886 sed
2079 2838 2278 2887 ducens.
2307 2836 2464 2889 Sena.
2485 2868 2558 2879 ——

1541 2919 1630 2966 Ad
1640 2914 1838 2965 vertici}
1855 2917 2016 2965 ardua
2033 2916 2168 2965 ducit
2181 2916 2415 2965 Indorum
2426 2922 2562 2982 pela-

1535 3015 1646 3064 gus.
1675 2993 1762 3047 Sic
1796 2994 2024 3065 antiqu·
2051 2992 2186 3046 Ven.
2223 2994 2384 3065 Cusp.
2415 2994 2555 3047 Pith.

1543 3074 1820 3127 vadianus
1856 3092 2066 3127 sensum
2102 3072 2345 3127 laborare
2380 3073 2564 3127 videns

1543 3154 1802 3206 correxit:
1839 3178 1862 3199 ι
1890 3152 2177 3223 incipiens»,
2200 3154 2326 3223 juga
2355 3151 2564 3203 verticis

1541 3232 1708 3287 ardua
1731 3231 1878 3285 d'ucit
1900 3230 2158 3284 Indorum
2183 3230 2240 3282 in
2276 3230 2497 3302 pelagus
2521 3257 2562 3282 ι».

1543 3345 1612 3354 --
1639 3313 1829 3365 Melius
1854 3311 2198 3375 recentiores,
2230 3328 2353 3361 cum
2388 3310 2566 3380 eisquc

1545 3392 1715 3444 Huds.
1743 3392 1940 3445 Wcrn.
1961 3389 2210 3443 videntur
2235 3394 2309 3439 ad
2332 3389 2564 3461 scripsis-

1549 3474 1693 3537 se;1‘n
1714 3481 1887 3522 tamen
1906 3467 2180 3523 Schraderi
2197 3470 2398 3539 probat.
2421 3470 2527 3522 En.

1622 3556 1739 3617 842.
1755 3554 1966 3619 Subn'gt't
1979 3554 2106 3604 idem
2116 3553 2251 3605 Ven.
2267 3551 2566 3621 Cusp.Vad.

1551 3632 1739 3685 Pithoei
1768 3630 1890 3684 edit.
1919 3631 2088 3702 prima
2112 3632 2276 3684 Paris.
2301 3644 2352 3683 et
2369 3630 2568 3703 ΤΙ-03η.

1553 3726 1612 3765 ut
1639 3732 1690 3765 ν.
1721 3712 1846 3773 811;
1866 3710 2150 3765 sednescio
2175 3730 2282 3782 qua
2298 3710 2368 3765 de
2389 3730 2574 3764 caussa

1555 3790 1725 3845 editor
1751 3790 1885 3844 Pith.
1912 3792 2156 3845 secundm
2189 3791 2362 3864 Lugd.
2389 3803 2440 3843 et
2464 3792 2571 3845 Ge·

1557 3890 1676 3923 nev.
1721 3871 1954 3942 reposuit
1997 3876 2174 3923 subluit
2211 3876 2336 3924 r'dem
2355 3912 2370 3933 ‚
2413 3891 2570 3943 quem

1555 3965 1806 4023 sequutus
1840 3966 1914 4005 cst
1942 3955 2222 4024 praeclarus
2253 3952 2425 4005 editor
2460 3954 2577 4003 Ma-

1555 4030 1683 4082 drit.
1733 4050 2008 4103 perperam
2056 4052 2216 4096 sane,
2263 4033 2425 4083 immo
2462 4050 2583 4101 pes·

1558 4128 1708 4163 sime.
