2996 4685
539 373 676 458 384
1253 381 1800 450 EXCURSUS
1854 387 1954 454 vl

532 497 870 587 significari
922 497 1205 587 adparet.
1261 501 1513 590 Nempe
1566 503 1845 569 hiemem
1892 507 2121 594 Apollo
2171 509 2411 574 Pataris
2462 515 2673 602 Lyciae

529 601 782 690 exigere
813 601 1181 688 putabatur,
1213 602 1375 685 sive,
1409 619 1485 666 ut
1520 603 1778 669 Servius
1811 607 2113 694 explicat,
2144 638 2171 664 κ
2192 631 2305 674 sex
2334 614 2671 680 mensibus

527 702 910 767 hiemalibus
943 699 1115 789 apud
1147 701 1436 766 Pataram
1455 752 1474 784 ,
1503 706 1711 793 Lyciae
1743 706 2099 789 civitatem,
2136 709 2290 774 dare
2321 734 2667 800 responsa,

526 822 591 870 et
611 827 720 868 sex
749 804 978 867 aestivis
995 801 1168 891 apud
1194 802 1428 868 Delum
1449 835 1493 867 υ.
1524 807 1620 869 Re
1644 807 1779 894 ipsa
1808 807 1969 870 nihil
1990 808 2163 873 aliud
2188 810 2667 900 significabant,

525 929 722 996 quam
750 906 912 970 Solis
947 929 1240 970 annuum
1271 928 1601 971 accessum
1634 929 2125 997 recessumque,
2152 913 2287 976 sive
2318 916 2661 982 transitum

519 1011 588 1074 in
631 1008 952 1073 borealem
993 1009 1094 1072 vel
1139 1009 1482 1072 australem
1530 1009 1781 1098 plagam
1799 1057 1817 1090 ‚
1860 1010 2393 1100 quandoquidem
2436 1031 2502 1080 et
2540 1019 2663 1082 alia

518 1111 884 1175 narratione
907 1109 1270 1198 Apollinem
1287 1126 1453 1174 stato
1474 1125 1769 1198 tempore
1784 1109 1867 1176 ad
1884 1113 2343 1200 Hyperboreos
2358 1118 2659 1193 invisere,

518 1230 584 1280 et
625 1214 752 1277 alio
785 1228 1078 1300 tempore
1113 1203 1266 1276 inde
1303 1211 1517 1275 redire
1556 1210 1939 1299 prodebant.
1966 1215 2051 1278 Et
2082 1239 2287 1304 quum
2314 1241 2517 1282 verno
2546 1221 2665 1286 illo

514 1337 774 1380 accessu
822 1313 987 1378 Solis
1040 1312 1376 1377 fecundari
1417 1329 1480 1376 et
1518 1313 1823 1378 laetificari
1865 1317 2081 1381 omnia
2137 1318 2452 1403 viderint,
2499 1321 2661 1386 hinc

511 1438 785 1480 vernum
815 1412 1092 1501 Apollini
1116 1414 1385 1477 solenne
1407 1413 1864 1500 instituerunt,
1898 1441 2031 1506 quo
2066 1419 2153 1483 ob
2174 1436 2433 1511 accepta
2454 1422 2659 1487 bene-

511 1517 652 1582 ficia
677 1516 839 1605 grati
860 1515 1116 1602 laetique
1150 1516 1348 1579 festos
1381 1515 1615 1579 choros
1648 1535 1931 1606 agerent.
1966 1520 2071 1584 Sic
2095 1538 2270 1586 certe
2292 1523 2654 1589 absentiam

509 1619 1072 1702 reversionemque
1096 1617 1409 1703 Apollinis
1437 1617 1649 1708 pingit
1672 1618 2068 1684 Claudianus
2084 1670 2100 1695 ,
2130 1623 2219 1687 VI
2250 1625 2443 1689 Cons.
2468 1626 2641 1690 Hon.

505 1745 564 1786 v·
595 1721 674 1786 25
707 1743 885 1857 seqq:
904 1841 1306 1861 ............
1336 1825 1505 1879 quum
1528 1806 1755 1880 pulcher
1773 1809 1966 1880 Apollo

857 1893 1069 1943 Lustrat
1087 1891 1458 1962 Hyperboreas
1477 1930 1492 1955 ,
1522 1889 1746 1963 Delphis
1764 1891 2106 1958 cessantibus,
2125 1912 2258 1960 aras,

857 1976 945 2028 Nil
968 1987 1079 2028 tum
1102 1975 1337 2028 Castaliae
1363 1975 1492 2027 rivis
1518 1975 1896 2029 communibus
1922 1975 2081 2028 undae

845 2059 1154 2124 Dissimiles,
1172 2058 1262 2110 vili
1287 2077 1383 2110 nec
1409 2056 1671 2128 discrepat
1699 2059 1888 2110 arbore
1910 2059 2119 2111 laurus.
2143 2097 2155 2109 .
2176 2095 2189 2109 .

849 2147 916 2195 At
941 2143 984 2196 si
1009 2141 1246 2194 Phoebus
1273 2140 1448 2204 adest,
1487 2153 1540 2194 et
1568 2141 1727 2194 frenis
1754 2143 1961 2214 grypha
1979 2142 2213 2215 jugalem

851 2227 1067 2297 Riphaeo
1091 2223 1322 2295 tripodas
1357 2235 1601 2295 repetens
1640 2224 1857 2278 detorsit
1884 2227 1953 2278 ab
1982 2244 2105 2291 axe,

843 2311 998 2365 Tunc
1019 2309 1184 2377 silvae,
1209 2320 1334 2363 tunc
1353 2320 1502 2361 antra
1523 2307 1689 2382 loqui,
1708 2321 1836 2363 tunc
1856 2311 2032 2365 vivere
2058 2310 2229 2365 fontes
2242 2350 2259 2375 ,
2293 2323 2391 2365 ete.

496 2440 827 2524 Quoniam
870 2460 1046 2502 sacra
1088 2437 1344 2501 Deliaca
1376 2436 1498 2500 sub
1535 2458 1863 2503 accessum
1892 2439 2056 2503 Solis
2074 2462 2348 2505 vernum
2370 2440 2637 2521 fiebant,

491 2546 647 2608 hinc
690 2558 818 2623 est,
853 2538 1034 2629 quod
1083 2542 1366 2605 Avienus
1399 2538 1592 2616 dicit,
1630 2540 1993 2628 Apollinem
2030 2542 2241 2629 ipsum
2288 2528 2405 2606 sud
2445 2566 2637 2607 sacra

494 2650 730 2723 visere,
775 2642 1114 2732 Virgilius,
1156 2642 1368 2730 ipsum
1409 2640 1629 2704 choros
1671 2643 2059 2723 instaurare,
2104 2657 2171 2706 et
2208 2665 2392 2707 mox:
2431 2674 2455 2699 κ
2484 2647 2633 2733 Ipse

482 2751 658 2841 jugis
693 2746 935 2837 Cynthi
969 2744 1260 2836 graditur
1281 2775 1326 2807 ι.
1363 2744 1528 2825 Quae
1558 2742 1733 2829 apud
1770 2744 2090 2809 Avienum
2122 2744 2344 2808 choros
2378 2748 2627 2831 agitat,

476 2874 632 2939 gens
655 2850 876 2913 devota
913 2845 1231 2934 Apollini,
1257 2844 1579 2933 praecipue
1604 2843 1866 2931 quidem
1897 2862 2052 2911 sunt
2080 2846 2277 2926 Delii,
2312 2846 2425 2933 qui
2453 2870 2625 2911 sacra

481 2967 745 3031 curant,
783 2966 848 3014 et
883 2947 1290 3038 peculiariter
1321 2946 1537 3010 devoti
1578 2947 1755 3027 Deo,
1788 2962 1854 3009 et
1890 2947 2116 3035 templi
2154 2946 2291 3027 ejus
2322 2947 2626 3013 custodes

483 3070 675 3135 sunt3
721 3050 834 3117 sed
885 3072 958 3112 ea
1011 3072 1188 3113 sacra
1233 3046 1477 3111 fiebant
1528 3046 1724 3111 simul
1774 3071 1889 3135 per
1937 3048 2287 3137 legationes
2339 3049 2623 3137 plurium

480 3157 774 3247 gentium
800 3154 1174 3218 Graecarum
1193 3198 1212 3231 ,
1242 3173 1386 3237 quae
1409 3172 1489 3213 eo
1514 3149 1644 3213 ritu
1670 3149 1907 3237 pariter
1928 3148 2191 3214 devotas
2218 3172 2286 3215 se
2310 3151 2621 3239 Apollini,

477 3274 554 3323 ut
603 3254 939 3323 communi
989 3253 1168 3332 Deo,
1211 3252 1450 3341 pariter
1497 3250 1825 3315 devinctas
1871 3252 2041 3315 inter
2090 3274 2159 3317 se
2208 3252 2511 3316 societate
2556 3270 2621 3317 et

476 3357 942 3423 communione
969 3376 1300 3417 sacrorum
1335 3352 1746 3441 praestabant.
1782 3352 2063 3418 Avienus
2093 3352 2359 3441 quidem
2390 3376 2621 3418 secun·

478 3459 636 3523 dum
669 3455 1095 3545 Dionysium,
1133 3476 1192 3518 v.
1235 3452 1358 3541 527
1407 3476 1540 3542 seq.
1580 3454 1751 3518 solos
1788 3454 2177 3536 insularum,
2206 3455 2439 3519 Delum
2478 3478 2616 3519 am-

473 3560 828 3639 bientium,
874 3558 1113 3621 incolas
1162 3555 1399 3619 festum
1449 3554 1623 3619 diem
1674 3578 1861 3645 agere
1910 3555 2097 3637 dicit,
2146 3555 2261 3619 sed
2312 3556 2615 3645 Virgilius

477 3662 697 3726 Cretas
727 3659 921 3723 simul
949 3675 1014 3722 et
1043 3659 1332 3747 Dryopas
1349 3706 1368 3739 ,
1396 3674 1462 3720 et
1477 3658 1679 3745 pictos
1701 3658 2098 3747 Agathyrsos
2124 3657 2437 3722 nominat.
2473 3660 2616 3723 Hoc

469 3763 716 3827 idcirco
744 3784 782 3825 a
813 3777 1003 3850 poeta
1034 3760 1166 3825 fieri
1200 3761 1500 3841 arbitror,
1534 3777 1609 3824 ut
1640 3761 2037 3849 populorum
2072 3782 2305 3849 genera
2339 3758 2611 3843 indicet,

473 3862 587 3953 qui
634 3862 791 3927 socii
828 3860 1032 3925 Graeci
1079 3862 1396 3941 nominis,
1435 3860 1550 3925 sed
1589 3857 1854 3926 diversis
1899 3861 2274 3950 regionibus
2317 3879 2613 3951 agentes,

471 3966 554 4033 ad
581 3962 954 4051 communia
979 3984 1152 4025 sacra
1185 3962 1621 4027 confluebant.
1658 3962 1781 4025 Per
1819 3962 2033 4027 Cretas
2065 3984 2299 4051 nempe
2334 3962 2614 4027 arbitror

473 4068 828 4134 insularum
887 4062 1276 4128 habitatores
1333 4063 1641 4153 intelligi,
1711 4087 1829 4152 per
1870 4065 2159 4155 Dryopas
2211 4063 2609 4127 continentis

473 4189 688 4250 terrm,
721 4168 835 4253 qui
871 4182 1048 4231 extra
1077 4165 1406 4231 Helladem
1443 4183 1507 4228 et
1532 4164 2051 4255 Peloponnesum
2090 4166 2373 4255 degunt,
2408 4168 2611 4255 siqui-
