<?xml version="1.0" encoding="UTF-8"?>
<!DOCTYPE html PUBLIC "-//W3C//DTD XHTML 1.0 Transitional//EN"
    "http://www.w3.org/TR/xhtml1/DTD/xhtml1-transitional.dtd">
<html xmlns="http://www.w3.org/1999/xhtml" xml:lang="en" lang="en">
 <head>
  <title>
</title>
<meta http-equiv="Content-Type" content="text/html;charset=utf-8" />
  <meta name='ocr-system' content='tesseract 3.04.00' />
  <meta name='ocr-capabilities' content='ocr_page ocr_carea ocr_par ocr_line ocrx_word'/>
</head>
<body>
  <div class='ocr_page' id='page_1' title='image "./poetaelatinimin01unkngoog_0616.png"; bbox 0 0 2996 4685; ppageno 0'>
   <div class='ocr_carea' id='block_1_1' title="bbox 870 312 2080 385">
    <p class='ocr_par' dir='ltr' id='par_1_1' title="bbox 870 312 2080 385">
     <span class='ocr_line' id='line_1_1' title="bbox 870 312 2080 385; baseline 0.003 -5"><span class='ocrx_word' id='word_1_1' title='bbox 870 312 1263 380; x_wconf 79' lang='lat' dir='ltr'><strong>ARATEA</strong></span> <span class='ocrx_word' id='word_1_2' title='bbox 1315 314 2080 385; x_wconf 84' lang='lat' dir='ltr'>PROGNOSTICA.</span> 
     </span>
    </p>
   </div>
   <div class='ocr_carea' id='block_1_2' title="bbox 2403 316 2544 415">
    <p class='ocr_par' dir='ltr' id='par_1_2' title="bbox 2403 316 2544 415">
     <span class='ocr_line' id='line_1_2' title="bbox 2403 316 2544 415; baseline 0 0"><span class='ocrx_word' id='word_1_3' title='bbox 2403 316 2544 415; x_wconf 78' lang='lat'>⁶07</span> 
     </span>
    </p>
   </div>
   <div class='ocr_carea' id='block_1_3' title="bbox 493 432 2544 2737">
    <p class='ocr_par' dir='ltr' id='par_1_3' title="bbox 510 432 2049 529">
     <span class='ocr_line' id='line_1_3' title="bbox 510 432 2049 529; baseline 0.004 -26"><span class='ocrx_word' id='word_1_4' title='bbox 510 432 815 503; x_wconf 88' lang='lat' dir='ltr'>Induerit</span> <span class='ocrx_word' id='word_1_5' title='bbox 854 433 1118 529; x_wconf 89' lang='lat' dir='ltr'>qualem</span> <span class='ocrx_word' id='word_1_6' title='bbox 1154 434 1526 528; x_wconf 81' lang='lat' dir='ltr'><strong>procedens</strong></span> <span class='ocrx_word' id='word_1_7' title='bbox 1563 461 1680 508; x_wconf 90' lang='lat' dir='ltr'>ore</span> <span class='ocrx_word' id='word_1_8' title='bbox 1716 436 2008 509; x_wconf 86' lang='lat' dir='ltr'>colorem</span> <span class='ocrx_word' id='word_1_9' title='bbox 2030 492 2049 527; x_wconf 93' lang='lat'>,</span> 
     </span>
    </p>

    <p class='ocr_par' dir='ltr' id='par_1_4' title="bbox 510 544 2196 641">
     <span class='ocr_line' id='line_1_4' title="bbox 510 544 2196 641; baseline 0.004 -27"><span class='ocrx_word' id='word_1_10' title='bbox 510 549 704 614; x_wconf 88' lang='lat' dir='ltr'>Hanc</span> <span class='ocrx_word' id='word_1_11' title='bbox 753 544 1094 641; x_wconf 84' lang='lat' dir='ltr'><strong>perpende</strong></span> <span class='ocrx_word' id='word_1_12' title='bbox 1136 544 1374 631; x_wconf 90' lang='lat' dir='ltr'>oculis,</span> <span class='ocrx_word' id='word_1_13' title='bbox 1410 545 1523 616; x_wconf 90' lang='lat' dir='ltr'>illa</span> <span class='ocrx_word' id='word_1_14' title='bbox 1565 548 1900 618; x_wconf 87' lang='lat' dir='ltr'>monitore</span> <span class='ocrx_word' id='word_1_15' title='bbox 1935 549 2196 620; x_wconf 87' lang='lat' dir='ltr'>dierum</span> 
     </span>
    </p>

    <p class='ocr_par' dir='ltr' id='par_1_5' title="bbox 509 654 2544 865">
     <span class='ocr_line' id='line_1_5' title="bbox 510 654 2544 755; baseline 0.005 -32"><span class='ocrx_word' id='word_1_16' title='bbox 510 656 714 750; x_wconf 83' lang='lat' dir='ltr'>Signa</span> <span class='ocrx_word' id='word_1_17' title='bbox 752 670 941 736; x_wconf 82' lang='lat' dir='ltr'>tene,</span> <span class='ocrx_word' id='word_1_18' title='bbox 970 678 1048 725; x_wconf 90' lang='lat' dir='ltr'>ac</span> <span class='ocrx_word' id='word_1_19' title='bbox 1092 670 1309 725; x_wconf 85' lang='lat' dir='ltr'>totum</span> <span class='ocrx_word' id='word_1_20' title='bbox 1344 654 1643 728; x_wconf 84' lang='lat' dir='ltr'><strong>discerne</strong></span> <span class='ocrx_word' id='word_1_21' title='bbox 1677 658 1748 727; x_wconf 88' lang='lat' dir='ltr'>in</span> <span class='ocrx_word' id='word_1_22' title='bbox 1787 674 2092 755; x_wconf 89' lang='lat' dir='ltr'>tempora</span> <span class='ocrx_word' id='word_1_23' title='bbox 2121 686 2437 733; x_wconf 82' lang='lat' dir='ltr'>mensem.</span> <span class='ocrx_word' id='word_1_24' title='bbox 2473 700 2544 741; x_wconf 64' lang='grc' dir='ltr'>ις·</span> 
     </span>
     <span class='ocr_line' id='line_1_6' title="bbox 509 766 2328 865; baseline 0.002 -28"><span class='ocrx_word' id='word_1_25' title='bbox 509 769 667 837; x_wconf 84' lang='lat' dir='ltr'>Non</span> <span class='ocrx_word' id='word_1_26' title='bbox 701 781 913 836; x_wconf 86' lang='lat' dir='ltr'>unum</span> <span class='ocrx_word' id='word_1_27' title='bbox 963 766 1294 861; x_wconf 87' lang='lat' dir='ltr'>deprensa</span> <span class='ocrx_word' id='word_1_28' title='bbox 1334 766 1511 837; x_wconf 92' lang='lat' dir='ltr'>diem</span> <span class='ocrx_word' id='word_1_29' title='bbox 1549 769 1673 837; x_wconf 89' lang='lat' dir='ltr'>tibi</span> <span class='ocrx_word' id='word_1_30' title='bbox 1707 771 1899 863; x_wconf 84' lang='lat' dir='ltr'>signa</span> <span class='ocrx_word' id='word_1_31' title='bbox 1935 768 2328 865; x_wconf 89' lang='lat' dir='ltr'>loquuntur,</span> 
     </span>
    </p>

    <p class='ocr_par' dir='ltr' id='par_1_6' title="bbox 510 873 2248 974">
     <span class='ocr_line' id='line_1_7' title="bbox 510 873 2248 974; baseline 0.002 -27"><span class='ocrx_word' id='word_1_32' title='bbox 510 877 655 947; x_wconf 89' lang='lat' dir='ltr'>Nec</span> <span class='ocrx_word' id='word_1_33' title='bbox 684 873 887 971; x_wconf 85' lang='lat' dir='ltr'>vulgo</span> <span class='ocrx_word' id='word_1_34' title='bbox 922 876 995 946; x_wconf 92' lang='lat' dir='ltr'>in</span> <span class='ocrx_word' id='word_1_35' title='bbox 1029 877 1289 946; x_wconf 88' lang='lat' dir='ltr'>eunctis</span> <span class='ocrx_word' id='word_1_36' title='bbox 1329 876 1576 947; x_wconf 81' lang='lat' dir='ltr'><strong>adsunt</strong></span> <span class='ocrx_word' id='word_1_37' title='bbox 1610 894 1938 974; x_wconf 78' lang='lat' dir='ltr'>praecepta</span> <span class='ocrx_word' id='word_1_38' title='bbox 1971 880 2248 969; x_wconf 83' lang='lat' dir='ltr'>diebus3</span> 
     </span>
    </p>

    <p class='ocr_par' dir='ltr' id='par_1_7' title="bbox 504 985 2542 1414">
     <span class='ocr_line' id='line_1_8' title="bbox 508 985 2154 1082; baseline 0.002 -27"><span class='ocrx_word' id='word_1_39' title='bbox 508 986 639 1055; x_wconf 87' lang='lat' dir='ltr'>Sed</span> <span class='ocrx_word' id='word_1_40' title='bbox 666 1012 813 1081; x_wconf 83' lang='lat' dir='ltr'>quae</span> <span class='ocrx_word' id='word_1_41' title='bbox 839 988 1029 1082; x_wconf 84' lang='lat' dir='ltr'>signa</span> <span class='ocrx_word' id='word_1_42' title='bbox 1058 1010 1234 1055; x_wconf 84' lang='lat' dir='ltr'>novo</span> <span class='ocrx_word' id='word_1_43' title='bbox 1269 985 1530 1057; x_wconf 84' lang='lat' dir='ltr'>dederit</span> <span class='ocrx_word' id='word_1_44' title='bbox 1563 1012 1699 1058; x_wconf 82' lang='lat' dir='ltr'>nox</span> <span class='ocrx_word' id='word_1_45' title='bbox 1737 988 1928 1057; x_wconf 85' lang='lat' dir='ltr'>tertia</span> <span class='ocrx_word' id='word_1_46' title='bbox 1967 1004 2154 1058; x_wconf 89' lang='lat' dir='ltr'>motu</span> 
     </span>
     <span class='ocr_line' id='line_1_9' title="bbox 510 1093 2345 1193; baseline 0.003 -28"><span class='ocrx_word' id='word_1_47' title='bbox 510 1097 885 1185; x_wconf 72' lang='lat' dir='ltr'>Quartave,</span> <span class='ocrx_word' id='word_1_48' title='bbox 918 1093 1225 1167; x_wconf 88' lang='lat' dir='ltr'>sustollat</span> <span class='ocrx_word' id='word_1_49' title='bbox 1259 1096 1516 1167; x_wconf 90' lang='lat' dir='ltr'>medios</span> <span class='ocrx_word' id='word_1_50' title='bbox 1557 1096 1718 1167; x_wconf 89' lang='lat' dir='ltr'>dum</span> <span class='ocrx_word' id='word_1_51' title='bbox 1757 1097 2048 1193; x_wconf 78' lang='lat' dir='ltr'>Cynthia</span> <span class='ocrx_word' id='word_1_52' title='bbox 2083 1095 2345 1189; x_wconf 75' lang='lat' dir='ltr'>vultus,</span> 
     </span>
     <span class='ocr_line' id='line_1_10' title="bbox 505 1204 2542 1302; baseline 0 -25"><span class='ocrx_word' id='word_1_53' title='bbox 505 1208 874 1278; x_wconf 90' lang='lat' dir='ltr'>Durabunt</span> <span class='ocrx_word' id='word_1_54' title='bbox 910 1204 1092 1277; x_wconf 84' lang='lat' dir='ltr'>caelo.</span> <span class='ocrx_word' id='word_1_55' title='bbox 1134 1206 1363 1277; x_wconf 90' lang='lat' dir='ltr'>Medio</span> <span class='ocrx_word' id='word_1_56' title='bbox 1404 1232 1552 1302; x_wconf 82' lang='lat' dir='ltr'>quae</span> <span class='ocrx_word' id='word_1_57' title='bbox 1595 1208 1876 1279; x_wconf 84' lang='lat' dir='ltr'>edixerit</span> <span class='ocrx_word' id='word_1_58' title='bbox 1911 1232 2059 1297; x_wconf 87' lang='lat' dir='ltr'>ore,</span> <span class='ocrx_word' id='word_1_59' title='bbox 2471 1238 2542 1289; x_wconf 75' lang='lat'>175</span> 
     </span>
     <span class='ocr_line' id='line_1_11' title="bbox 504 1316 2074 1414; baseline 0 -27"><span class='ocrx_word' id='word_1_60' title='bbox 504 1321 701 1413; x_wconf 84' lang='lat' dir='ltr'>Ignes</span> <span class='ocrx_word' id='word_1_61' title='bbox 738 1320 805 1387; x_wconf 90' lang='lat' dir='ltr'>in</span> <span class='ocrx_word' id='word_1_62' title='bbox 844 1317 1117 1414; x_wconf 69' lang='lat' dir='ltr'>plenoS‚</span> <span class='ocrx_word' id='word_1_63' title='bbox 1143 1317 1304 1387; x_wconf 83' lang='lat' dir='ltr'>hinc</span> <span class='ocrx_word' id='word_1_64' title='bbox 1337 1318 1406 1386; x_wconf 91' lang='lat' dir='ltr'>in</span> <span class='ocrx_word' id='word_1_65' title='bbox 1438 1316 1790 1413; x_wconf 89' lang='lat' dir='ltr'>dispendia</span> <span class='ocrx_word' id='word_1_66' title='bbox 1831 1342 2074 1389; x_wconf 77' lang='lat' dir='ltr'>rursus</span> 
     </span>
    </p>

    <p class='ocr_par' dir='ltr' id='par_1_8' title="bbox 504 1427 2052 1525">
     <span class='ocr_line' id='line_1_12' title="bbox 504 1427 2052 1525; baseline -0.001 -27"><span class='ocrx_word' id='word_1_67' title='bbox 504 1427 752 1517; x_wconf 87' lang='lat' dir='ltr'>Altera,</span> <span class='ocrx_word' id='word_1_68' title='bbox 790 1430 1069 1525; x_wconf 80' lang='lat' dir='ltr'>provisae</span> <span class='ocrx_word' id='word_1_69' title='bbox 1102 1430 1456 1524; x_wconf 83' lang='lat' dir='ltr'>signantur</span> <span class='ocrx_word' id='word_1_70' title='bbox 1489 1444 1790 1524; x_wconf 86' lang='lat' dir='ltr'>tempora</span> <span class='ocrx_word' id='word_1_71' title='bbox 1821 1432 2052 1499; x_wconf 77' lang='lat' dir='ltr'>Lunae.</span> 
     </span>
    </p>

    <p class='ocr_par' dir='ltr' id='par_1_9' title="bbox 500 1537 2056 1634">
     <span class='ocr_line' id='line_1_13' title="bbox 500 1537 2056 1634; baseline 0 -27"><span class='ocrx_word' id='word_1_72' title='bbox 500 1537 629 1609; x_wconf 91' lang='lat' dir='ltr'>Illa</span> <span class='ocrx_word' id='word_1_73' title='bbox 667 1540 941 1626; x_wconf 85' lang='lat' dir='ltr'>dehinc,</span> <span class='ocrx_word' id='word_1_74' title='bbox 968 1538 1184 1608; x_wconf 88' lang='lat' dir='ltr'>donec</span> <span class='ocrx_word' id='word_1_75' title='bbox 1224 1539 1526 1634; x_wconf 83' lang='lat' dir='ltr'>germani</span> <span class='ocrx_word' id='word_1_76' title='bbox 1570 1537 1844 1609; x_wconf 89' lang='lat' dir='ltr'>luminis</span> <span class='ocrx_word' id='word_1_77' title='bbox 1881 1539 2056 1634; x_wconf 84' lang='lat' dir='ltr'>ignis</span> 
     </span>
    </p>

    <p class='ocr_par' dir='ltr' id='par_1_10' title="bbox 504 1647 2180 1745">
     <span class='ocr_line' id='line_1_14' title="bbox 504 1647 2180 1745; baseline 0.001 -28"><span class='ocrx_word' id='word_1_78' title='bbox 504 1647 795 1719; x_wconf 85' lang='lat' dir='ltr'>Accedat</span> <span class='ocrx_word' id='word_1_79' title='bbox 832 1650 1135 1736; x_wconf 82' lang='lat' dir='ltr'>Pboebae,</span> <span class='ocrx_word' id='word_1_80' title='bbox 1164 1648 1409 1718; x_wconf 83' lang='lat' dir='ltr'>mensis</span> <span class='ocrx_word' id='word_1_81' title='bbox 1450 1663 1787 1745; x_wconf 89' lang='lat' dir='ltr'>postrema</span> <span class='ocrx_word' id='word_1_82' title='bbox 1829 1650 2180 1719; x_wconf 88' lang='lat' dir='ltr'>notabunt.</span> 
     </span>
    </p>

    <p class='ocr_par' dir='ltr' id='par_1_11' title="bbox 498 1759 2538 2074">
     <span class='ocr_line' id='line_1_15' title="bbox 504 1759 2538 1856; baseline -0.002 -28"><span class='ocrx_word' id='word_1_83' title='bbox 504 1764 648 1829; x_wconf 89' lang='lat' dir='ltr'>Hoc</span> <span class='ocrx_word' id='word_1_84' title='bbox 688 1761 866 1855; x_wconf 91' lang='lat' dir='ltr'>quod</span> <span class='ocrx_word' id='word_1_85' title='bbox 913 1774 1227 1856; x_wconf 89' lang='lat' dir='ltr'>protento</span> <span class='ocrx_word' id='word_1_86' title='bbox 1258 1760 1442 1829; x_wconf 84' lang='lat' dir='ltr'>vehit</span> <span class='ocrx_word' id='word_1_87' title='bbox 1479 1762 1716 1854; x_wconf 83' lang='lat' dir='ltr'>ingens</span> <span class='ocrx_word' id='word_1_88' title='bbox 1745 1759 2036 1829; x_wconf 87' lang='lat' dir='ltr'>mundus</span> <span class='ocrx_word' id='word_1_89' title='bbox 2071 1760 2284 1847; x_wconf 88' lang='lat' dir='ltr'>inani,</span> <span class='ocrx_word' id='word_1_90' title='bbox 2463 1793 2538 1829; x_wconf 60' lang='grc' dir='ltr'>,ιη</span> 
     </span>
     <span class='ocr_line' id='line_1_16' title="bbox 501 1868 2364 1965; baseline -0.001 -26"><span class='ocrx_word' id='word_1_91' title='bbox 501 1873 675 1939; x_wconf 86' lang='lat' dir='ltr'>Aera</span> <span class='ocrx_word' id='word_1_92' title='bbox 708 1896 953 1941; x_wconf 87' lang='lat' dir='ltr'>nomen</span> <span class='ocrx_word' id='word_1_93' title='bbox 981 1872 1221 1957; x_wconf 85' lang='lat' dir='ltr'>habet3</span> <span class='ocrx_word' id='word_1_94' title='bbox 1250 1870 1435 1963; x_wconf 90' lang='lat' dir='ltr'>quod</span> <span class='ocrx_word' id='word_1_95' title='bbox 1470 1871 1682 1963; x_wconf 81' lang='lat' dir='ltr'>spirat</span> <span class='ocrx_word' id='word_1_96' title='bbox 1721 1872 1968 1965; x_wconf 80' lang='lat' dir='ltr'>cespite</span> <span class='ocrx_word' id='word_1_97' title='bbox 2010 1868 2241 1955; x_wconf 87' lang='lat' dir='ltr'>tellus,</span> <span class='ocrx_word' id='word_1_98' title='bbox 2343 1880 2364 1903; x_wconf 76' lang='lat'><strong><em>⁹</em></strong></span> 
     </span>
     <span class='ocr_line' id='line_1_17' title="bbox 498 1976 2172 2074; baseline -0.002 -23"><span class='ocrx_word' id='word_1_99' title='bbox 498 1980 747 2051; x_wconf 81' lang='lat' dir='ltr'>Nubila</span> <span class='ocrx_word' id='word_1_100' title='bbox 783 1982 1139 2069; x_wconf 83' lang='lat' dir='ltr'>dicuntur3</span> <span class='ocrx_word' id='word_1_101' title='bbox 1166 1976 1400 2050; x_wconf 81' lang='lat' dir='ltr'>caelum</span> <span class='ocrx_word' id='word_1_102' title='bbox 1440 2002 1640 2074; x_wconf 88' lang='lat' dir='ltr'>super</span> <span class='ocrx_word' id='word_1_103' title='bbox 1677 1979 1830 2049; x_wconf 82' lang='lat' dir='ltr'>aula</span> <span class='ocrx_word' id='word_1_104' title='bbox 1871 1984 2172 2049; x_wconf 88' lang='lat' dir='ltr'>Deorum</span> 
     </span>
    </p>

    <p class='ocr_par' dir='ltr' id='par_1_12' title="bbox 499 2088 2100 2186">
     <span class='ocr_line' id='line_1_18' title="bbox 499 2088 2100 2186; baseline -0.001 -27"><span class='ocrx_word' id='word_1_105' title='bbox 499 2090 627 2159; x_wconf 82' lang='lat' dir='ltr'>Axi</span> <span class='ocrx_word' id='word_1_106' title='bbox 658 2106 1081 2186; x_wconf 88' lang='lat' dir='ltr'>compactum</span> <span class='ocrx_word' id='word_1_107' title='bbox 1116 2088 1552 2160; x_wconf 84' lang='lat' dir='ltr'>convolvitur.</span> <span class='ocrx_word' id='word_1_108' title='bbox 1599 2090 1728 2160; x_wconf 90' lang='lat' dir='ltr'>Hic</span> <span class='ocrx_word' id='word_1_109' title='bbox 1755 2110 1876 2159; x_wconf 87' lang='lat' dir='ltr'>sua</span> <span class='ocrx_word' id='word_1_110' title='bbox 1901 2090 2100 2159; x_wconf 84' lang='lat' dir='ltr'>certis</span> 
     </span>
    </p>

    <p class='ocr_par' dir='ltr' id='par_1_13' title="bbox 499 2196 2073 2270">
     <span class='ocr_line' id='line_1_19' title="bbox 499 2196 2073 2270; baseline 0.001 -3"><span class='ocrx_word' id='word_1_111' title='bbox 499 2200 670 2268; x_wconf 90' lang='lat' dir='ltr'>Sunt</span> <span class='ocrx_word' id='word_1_112' title='bbox 712 2200 857 2270; x_wconf 88' lang='lat' dir='ltr'>loca</span> <span class='ocrx_word' id='word_1_113' title='bbox 886 2202 1293 2270; x_wconf 78' lang='lat' dir='ltr'>numinibus,</span> <span class='ocrx_word' id='word_1_114' title='bbox 1320 2196 1616 2269; x_wconf 86' lang='lat' dir='ltr'>Borealis</span> <span class='ocrx_word' id='word_1_115' title='bbox 1649 2200 1917 2270; x_wconf 81' lang='lat' dir='ltr'>verticis</span> <span class='ocrx_word' id='word_1_116' title='bbox 1941 2198 2073 2269; x_wconf 84' lang='lat' dir='ltr'>alta</span> 
     </span>
    </p>

    <p class='ocr_par' dir='ltr' id='par_1_14' title="bbox 498 2310 2534 2519">
     <span class='ocr_line' id='line_1_20' title="bbox 498 2310 2534 2406; baseline -0.002 -26"><span class='ocrx_word' id='word_1_117' title='bbox 498 2311 711 2406; x_wconf 86' lang='lat' dir='ltr'>Regia</span> <span class='ocrx_word' id='word_1_118' title='bbox 736 2310 1029 2382; x_wconf 85' lang='lat' dir='ltr'>Saturni.</span> <span class='ocrx_word' id='word_1_119' title='bbox 1058 2312 1215 2402; x_wconf 87' lang='lat' dir='ltr'>Qua</span> <span class='ocrx_word' id='word_1_120' title='bbox 1242 2312 1481 2383; x_wconf 82' lang='lat' dir='ltr'>siccior</span> <span class='ocrx_word' id='word_1_121' title='bbox 1515 2334 1730 2383; x_wconf 90' lang='lat' dir='ltr'>annus</span> <span class='ocrx_word' id='word_1_122' title='bbox 1765 2310 2036 2384; x_wconf 87' lang='lat' dir='ltr'>anhelat</span> <span class='ocrx_word' id='word_1_123' title='bbox 2461 2338 2534 2376; x_wconf 70' lang='lat' dir='ltr'>‚as</span> 
     </span>
     <span class='ocr_line' id='line_1_21' title="bbox 500 2418 2004 2519; baseline 0.003 -30"><span class='ocrx_word' id='word_1_124' title='bbox 500 2423 767 2491; x_wconf 88' lang='lat' dir='ltr'>AEstatis</span> <span class='ocrx_word' id='word_1_125' title='bbox 800 2418 1041 2493; x_wconf 84' lang='lat' dir='ltr'>rutilus</span> <span class='ocrx_word' id='word_1_126' title='bbox 1065 2422 1279 2493; x_wconf 88' lang='lat' dir='ltr'>calida</span> <span class='ocrx_word' id='word_1_127' title='bbox 1314 2437 1444 2492; x_wconf 84' lang='lat' dir='ltr'>stat</span> <span class='ocrx_word' id='word_1_128' title='bbox 1478 2425 1742 2519; x_wconf 87' lang='lat' dir='ltr'>Jupiter</span> <span class='ocrx_word' id='word_1_129' title='bbox 1774 2425 2004 2495; x_wconf 81' lang='lat' dir='ltr'>aethra.</span> 
     </span>
    </p>

    <p class='ocr_par' dir='ltr' id='par_1_15' title="bbox 493 2531 2204 2737">
     <span class='ocr_line' id='line_1_22' title="bbox 493 2531 2204 2629; baseline 0.003 -31"><span class='ocrx_word' id='word_1_130' title='bbox 493 2532 901 2603; x_wconf 87' lang='lat' dir='ltr'>Immodicus</span> <span class='ocrx_word' id='word_1_131' title='bbox 942 2546 1189 2602; x_wconf 84' lang='lat' dir='ltr'>terram</span> <span class='ocrx_word' id='word_1_132' title='bbox 1232 2557 1367 2628; x_wconf 89' lang='lat' dir='ltr'>qua</span> <span class='ocrx_word' id='word_1_133' title='bbox 1410 2531 1698 2629; x_wconf 85' lang='lat' dir='ltr'>desuper</span> <span class='ocrx_word' id='word_1_134' title='bbox 1743 2535 1916 2629; x_wconf 82' lang='lat' dir='ltr'>ignis</span> <span class='ocrx_word' id='word_1_135' title='bbox 1950 2535 2204 2616; x_wconf 85' lang='lat' dir='ltr'>adurit,</span> 
     </span>
     <span class='ocr_line' id='line_1_23' title="bbox 497 2639 2106 2737; baseline 0.002 -28"><span class='ocrx_word' id='word_1_136' title='bbox 497 2640 795 2711; x_wconf 86' lang='lat' dir='ltr'>Gradivo</span> <span class='ocrx_word' id='word_1_137' title='bbox 830 2640 1164 2712; x_wconf 83' lang='lat' dir='ltr'>incolitur.</span> <span class='ocrx_word' id='word_1_138' title='bbox 1190 2639 1522 2711; x_wconf 85' lang='lat' dir='ltr'>Brumalis</span> <span class='ocrx_word' id='word_1_139' title='bbox 1549 2642 1781 2737; x_wconf 87' lang='lat' dir='ltr'>pulsus</span> <span class='ocrx_word' id='word_1_140' title='bbox 1814 2645 2106 2713; x_wconf 85' lang='lat' dir='ltr'>habenas</span> 
     </span>
    </p>
   </div>
   <div class='ocr_carea' id='block_1_4' title="bbox 478 2872 2527 2946">
    <p class='ocr_par' dir='ltr' id='par_1_16' title="bbox 478 2872 2527 2946">
     <span class='ocr_line' id='line_1_24' title="bbox 478 2872 2527 2946; baseline -0.001 -18"><span class='ocrx_word' id='word_1_141' title='bbox 478 2876 594 2930; x_wconf 80' lang='lat'>168.</span> <span class='ocrx_word' id='word_1_142' title='bbox 662 2879 890 2929; x_wconf 75' lang='lat' dir='ltr'>Induerie</span> <span class='ocrx_word' id='word_1_143' title='bbox 936 2879 1151 2945; x_wconf 76' lang='lat' dir='ltr'>qualem.</span> <span class='ocrx_word' id='word_1_144' title='bbox 1206 2873 1413 2946; x_wconf 71' lang='lat' dir='ltr'>Vulgo:</span> <span class='ocrx_word' id='word_1_145' title='bbox 1506 2873 1717 2924; x_wconf 85' lang='lat' dir='ltr'>Lunam</span> <span class='ocrx_word' id='word_1_146' title='bbox 1762 2872 1998 2926; x_wconf 85' lang='lat' dir='ltr'>nubibus</span> <span class='ocrx_word' id='word_1_147' title='bbox 2042 2891 2154 2926; x_wconf 72' lang='lat' dir='ltr'>esee</span> <span class='ocrx_word' id='word_1_148' title='bbox 2196 2872 2527 2945; x_wconf 79' lang='lat' dir='ltr'>proximam,</span> 
     </span>
    </p>
   </div>
   <div class='ocr_carea' id='block_1_5' title="bbox 398 2951 1424 4123">
    <p class='ocr_par' dir='ltr' id='par_1_17' title="bbox 402 2951 1418 3107">
     <span class='ocr_line' id='line_1_25' title="bbox 411 2951 1418 3028; baseline -0.003 -22"><span class='ocrx_word' id='word_1_149' title='bbox 411 2979 433 3000; x_wconf 78' lang='grc' dir='ltr'>ι</span> <span class='ocrx_word' id='word_1_150' title='bbox 460 2953 669 3024; x_wconf 82' lang='lat' dir='ltr'>Induit,</span> <span class='ocrx_word' id='word_1_151' title='bbox 697 2968 750 3009; x_wconf 88' lang='lat' dir='ltr'>et</span> <span class='ocrx_word' id='word_1_152' title='bbox 775 2955 982 3028; x_wconf 80' lang='lat' dir='ltr'>qualem</span> <span class='ocrx_word' id='word_1_153' title='bbox 1002 2993 1019 3019; x_wconf 87' lang='lat'>‚</span> <span class='ocrx_word' id='word_1_154' title='bbox 1046 2966 1145 3010; x_wconf 86' lang='lat' dir='ltr'>ete.</span> <span class='ocrx_word' id='word_1_155' title='bbox 1173 2980 1198 3000; x_wconf 69' lang='lat' dir='ltr'>a</span> <span class='ocrx_word' id='word_1_156' title='bbox 1216 2951 1418 3008; x_wconf 79' lang='lat' dir='ltr'>Similia</span> 
     </span>
     <span class='ocr_line' id='line_1_26' title="bbox 402 3035 1234 3107; baseline -0.001 -20"><span class='ocrx_word' id='word_1_157' title='bbox 402 3046 574 3088; x_wconf 81' lang='lat' dir='ltr'>errata</span> <span class='ocrx_word' id='word_1_158' title='bbox 598 3035 901 3107; x_wconf 78' lang='lat' dir='ltr'>frequenter</span> <span class='ocrx_word' id='word_1_159' title='bbox 924 3047 1234 3090; x_wconf 81' lang='lat' dir='ltr'>occurrunt.</span> 
     </span>
    </p>

    <p class='ocr_par' dir='ltr' id='par_1_18' title="bbox 400 3113 1424 3664">
     <span class='ocr_line' id='line_1_27' title="bbox 478 3113 1421 3184; baseline -0.005 -16"><span class='ocrx_word' id='word_1_160' title='bbox 478 3117 592 3184; x_wconf 79' lang='grc'><strong>169.</strong></span> <span class='ocrx_word' id='word_1_161' title='bbox 637 3120 785 3166; x_wconf 81' lang='lat' dir='ltr'>Hanc</span> <span class='ocrx_word' id='word_1_162' title='bbox 812 3117 1062 3184; x_wconf 76' lang='lat' dir='ltr'>perpende</span> <span class='ocrx_word' id='word_1_163' title='bbox 1097 3117 1251 3168; x_wconf 78' lang='lat' dir='ltr'>oculis</span> <span class='ocrx_word' id='word_1_164' title='bbox 1266 3151 1283 3176; x_wconf 88' lang='lat'><em>,</em></span> <span class='ocrx_word' id='word_1_165' title='bbox 1333 3113 1421 3165; x_wconf 82' lang='lat' dir='ltr'>illa</span> 
     </span>
     <span class='ocr_line' id='line_1_28' title="bbox 401 3193 1420 3254; baseline -0.001 -10"><span class='ocrx_word' id='word_1_166' title='bbox 401 3196 640 3246; x_wconf 72' lang='lat' dir='ltr'>monitore</span> <span class='ocrx_word' id='word_1_167' title='bbox 661 3197 869 3245; x_wconf 66' lang='lat' dir='ltr'>dienen.</span> <span class='ocrx_word' id='word_1_168' title='bbox 896 3198 1065 3254; x_wconf 77' lang='lat' dir='ltr'>Hanc,</span> <span class='ocrx_word' id='word_1_169' title='bbox 1097 3211 1169 3246; x_wconf 75' lang='lat' dir='ltr'>sc.</span> <span class='ocrx_word' id='word_1_170' title='bbox 1194 3193 1420 3246; x_wconf 75' lang='lat' dir='ltr'>Lunam.</span> 
     </span>
     <span class='ocr_line' id='line_1_29' title="bbox 402 3271 1422 3344; baseline -0.002 -18"><span class='ocrx_word' id='word_1_171' title='bbox 402 3273 570 3328; x_wconf 78' lang='lat' dir='ltr'>Possit</span> <span class='ocrx_word' id='word_1_172' title='bbox 586 3271 741 3327; x_wconf 78' lang='lat' dir='ltr'>etiam</span> <span class='ocrx_word' id='word_1_173' title='bbox 754 3272 945 3326; x_wconf 86' lang='lat' dir='ltr'>melius</span> <span class='ocrx_word' id='word_1_174' title='bbox 957 3273 1088 3344; x_wconf 80' lang='lat' dir='ltr'>legi:</span> <span class='ocrx_word' id='word_1_175' title='bbox 1104 3298 1131 3318; x_wconf 68' lang='grc' dir='ltr'><strong>α</strong></span> <span class='ocrx_word' id='word_1_176' title='bbox 1142 3271 1299 3326; x_wconf 85' lang='lat' dir='ltr'>Hunc</span> <span class='ocrx_word' id='word_1_177' title='bbox 1312 3289 1422 3344; x_wconf 50' lang='lat' dir='ltr'>pei*</span> 
     </span>
     <span class='ocr_line' id='line_1_30' title="bbox 401 3349 1422 3425; baseline -0.001 -20"><span class='ocrx_word' id='word_1_178' title='bbox 401 3352 574 3425; x_wconf 87' lang='lat' dir='ltr'>pende</span> <span class='ocrx_word' id='word_1_179' title='bbox 608 3351 811 3417; x_wconf 77' lang='lat' dir='ltr'>oeulis,</span> <span class='ocrx_word' id='word_1_180' title='bbox 855 3351 973 3425; x_wconf 85' lang='lat' dir='ltr'>ipso</span> <span class='ocrx_word' id='word_1_181' title='bbox 1012 3352 1275 3405; x_wconf 87' lang='lat' dir='ltr'>monitore</span> <span class='ocrx_word' id='word_1_182' title='bbox 1310 3349 1422 3404; x_wconf 83' lang='lat' dir='ltr'>die-</span> 
     </span>
     <span class='ocr_line' id='line_1_31' title="bbox 400 3429 1421 3496; baseline -0.003 -10"><span class='ocrx_word' id='word_1_183' title='bbox 400 3451 521 3486; x_wconf 84' lang='lat' dir='ltr'>rum</span> <span class='ocrx_word' id='word_1_184' title='bbox 536 3455 558 3478; x_wconf 72' lang='lat' dir='ltr'>n</span> <span class='ocrx_word' id='word_1_185' title='bbox 574 3444 666 3496; x_wconf 83' lang='lat' dir='ltr'>,ut</span> <span class='ocrx_word' id='word_1_186' title='bbox 688 3430 759 3486; x_wconf 82' lang='lat' dir='ltr'>ad</span> <span class='ocrx_word' id='word_1_187' title='bbox 781 3431 1017 3486; x_wconf 88' lang='lat' dir='ltr'>colorem</span> <span class='ocrx_word' id='word_1_188' title='bbox 1037 3433 1205 3485; x_wconf 64' lang='lat' dir='ltr'>Lunai</span> <span class='ocrx_word' id='word_1_189' title='bbox 1230 3429 1421 3484; x_wconf 84' lang='lat' dir='ltr'>refera-</span> 
     </span>
     <span class='ocr_line' id='line_1_32' title="bbox 400 3508 1424 3585; baseline -0.001 -20"><span class='ocrx_word' id='word_1_190' title='bbox 400 3523 503 3566; x_wconf 89' lang='lat' dir='ltr'>tur.</span> <span class='ocrx_word' id='word_1_191' title='bbox 529 3511 710 3584; x_wconf 79' lang='lat' dir='ltr'>Vulgo</span> <span class='ocrx_word' id='word_1_192' title='bbox 730 3511 906 3566; x_wconf 75' lang='lat' dir='ltr'>«Hinc</span> <span class='ocrx_word' id='word_1_193' title='bbox 928 3508 1205 3585; x_wconf 84' lang='lat' dir='ltr'>perpende</span> <span class='ocrx_word' id='word_1_194' title='bbox 1228 3510 1424 3576; x_wconf 78' lang='lat' dir='ltr'>oculis,</span> 
     </span>
     <span class='ocr_line' id='line_1_33' title="bbox 400 3593 723 3664; baseline 0.009 -21"><span class='ocrx_word' id='word_1_195' title='bbox 400 3593 516 3664; x_wconf 84' lang='lat' dir='ltr'>ipso</span> <span class='ocrx_word' id='word_1_196' title='bbox 530 3632 547 3659; x_wconf 90' lang='lat'><strong>,</strong></span> <span class='ocrx_word' id='word_1_197' title='bbox 574 3605 675 3646; x_wconf 88' lang='lat' dir='ltr'>etc.</span> <span class='ocrx_word' id='word_1_198' title='bbox 696 3619 723 3638; x_wconf 77' lang='grc' dir='ltr'>ι·</span> 
     </span>
    </p>

    <p class='ocr_par' dir='ltr' id='par_1_19' title="bbox 398 3669 1419 3976">
     <span class='ocr_line' id='line_1_34' title="bbox 477 3669 1419 3742; baseline -0.006 -16"><span class='ocrx_word' id='word_1_199' title='bbox 477 3669 593 3742; x_wconf 79' lang='lat'>173.</span> <span class='ocrx_word' id='word_1_200' title='bbox 630 3678 751 3740; x_wconf 76' lang='lat' dir='ltr'>Qua·</span> <span class='ocrx_word' id='word_1_201' title='bbox 786 3674 929 3742; x_wconf 65' lang='lat' dir='ltr'>signa</span> <span class='ocrx_word' id='word_1_202' title='bbox 953 3691 1077 3722; x_wconf 78' lang='lat' dir='ltr'>novo</span> <span class='ocrx_word' id='word_1_203' title='bbox 1103 3673 1293 3722; x_wconf 74' lang='lat' dir='ltr'>dederit</span> <span class='ocrx_word' id='word_1_204' title='bbox 1314 3689 1419 3721; x_wconf 69' lang='lat' dir='ltr'>noa:</span> 
     </span>
     <span class='ocr_line' id='line_1_35' title="bbox 399 3749 1417 3819; baseline 0.001 -17"><span class='ocrx_word' id='word_1_205' title='bbox 399 3754 543 3803; x_wconf 80' lang='lat' dir='ltr'>tercia</span> <span class='ocrx_word' id='word_1_206' title='bbox 562 3767 695 3804; x_wconf 73' lang='lat' dir='ltr'>motu</span> <span class='ocrx_word' id='word_1_207' title='bbox 720 3757 996 3819; x_wconf 66' lang='lat' dir='ltr'>Quartam,</span> <span class='ocrx_word' id='word_1_208' title='bbox 1024 3761 1121 3804; x_wconf 89' lang='lat' dir='ltr'>etc.</span> <span class='ocrx_word' id='word_1_209' title='bbox 1148 3751 1231 3803; x_wconf 81' lang='lat' dir='ltr'>Ita</span> <span class='ocrx_word' id='word_1_210' title='bbox 1253 3749 1417 3803; x_wconf 85' lang='lat' dir='ltr'>inter-</span> 
     </span>
     <span class='ocr_line' id='line_1_36' title="bbox 398 3829 1417 3902; baseline 0 -20"><span class='ocrx_word' id='word_1_211' title='bbox 398 3829 761 3902; x_wconf 73' lang='lat' dir='ltr'>pungendum.</span> <span class='ocrx_word' id='word_1_212' title='bbox 811 3829 952 3884; x_wconf 80' lang='lat' dir='ltr'>Male</span> <span class='ocrx_word' id='word_1_213' title='bbox 1006 3829 1202 3901; x_wconf 77' lang='lat' dir='ltr'>vulgo:</span> <span class='ocrx_word' id='word_1_214' title='bbox 1254 3853 1277 3875; x_wconf 76' lang='grc' dir='ltr'>ι</span> <span class='ocrx_word' id='word_1_215' title='bbox 1310 3847 1417 3882; x_wconf 85' lang='lat' dir='ltr'>nox</span> 
     </span>
     <span class='ocr_line' id='line_1_37' title="bbox 398 3907 1387 3976; baseline 0 -15"><span class='ocrx_word' id='word_1_216' title='bbox 398 3909 551 3962; x_wconf 84' lang='lat' dir='ltr'>tertia</span> <span class='ocrx_word' id='word_1_217' title='bbox 574 3922 750 3974; x_wconf 85' lang='lat' dir='ltr'>motu,</span> <span class='ocrx_word' id='word_1_218' title='bbox 776 3911 1055 3976; x_wconf 80' lang='lat' dir='ltr'>Quartave</span> <span class='ocrx_word' id='word_1_219' title='bbox 1080 3907 1339 3963; x_wconf 77' lang='lat' dir='ltr'>sustollat.</span> <span class='ocrx_word' id='word_1_220' title='bbox 1363 3933 1387 3954; x_wconf 79' lang='grc' dir='ltr'>ι</span> 
     </span>
    </p>

    <p class='ocr_par' dir='ltr' id='par_1_20' title="bbox 401 3987 1417 4123">
     <span class='ocr_line' id='line_1_38' title="bbox 476 3987 1417 4043; baseline -0.002 -1"><span class='ocrx_word' id='word_1_221' title='bbox 476 3989 593 4042; x_wconf 81' lang='lat'>180.</span> <span class='ocrx_word' id='word_1_222' title='bbox 645 3987 748 4043; x_wconf 80' lang='lat' dir='ltr'>Hic</span> <span class='ocrx_word' id='word_1_223' title='bbox 781 3988 1013 4042; x_wconf 76' lang='lat' dir='ltr'>Avienus</span> <span class='ocrx_word' id='word_1_224' title='bbox 1044 4006 1257 4042; x_wconf 85' lang='lat' dir='ltr'>rursum</span> <span class='ocrx_word' id='word_1_225' title='bbox 1288 3987 1417 4042; x_wconf 86' lang='lat' dir='ltr'>facit</span> 
     </span>
     <span class='ocr_line' id='line_1_39' title="bbox 401 4067 1415 4123; baseline 0.002 -2"><span class='ocrx_word' id='word_1_226' title='bbox 401 4067 789 4122; x_wconf 82' lang='lat' dir='ltr'>excursionem.</span> <span class='ocrx_word' id='word_1_227' title='bbox 838 4067 912 4120; x_wconf 86' lang='lat' dir='ltr'>Ut</span> <span class='ocrx_word' id='word_1_228' title='bbox 967 4067 1109 4120; x_wconf 87' lang='lat' dir='ltr'>enim</span> <span class='ocrx_word' id='word_1_229' title='bbox 1168 4067 1415 4123; x_wconf 83' lang='lat' dir='ltr'>ostendat</span> 
     </span>
    </p>
   </div>
   <div class='ocr_carea' id='block_1_6' title="bbox 1508 2952 2530 3425">
    <p class='ocr_par' dir='ltr' id='par_1_21' title="bbox 1508 2952 2530 3425">
     <span class='ocr_line' id='line_1_40' title="bbox 1508 2952 2528 3028; baseline 0.002 -23"><span class='ocrx_word' id='word_1_230' title='bbox 1508 2953 1728 3026; x_wconf 77' lang='lat' dir='ltr'>singulis</span> <span class='ocrx_word' id='word_1_231' title='bbox 1777 2953 2002 3028; x_wconf 78' lang='lat' dir='ltr'>planetis</span> <span class='ocrx_word' id='word_1_232' title='bbox 2047 2973 2170 3008; x_wconf 80' lang='lat' dir='ltr'>suos</span> <span class='ocrx_word' id='word_1_233' title='bbox 2213 2953 2356 3007; x_wconf 72' lang='lat' dir='ltr'>locos</span> <span class='ocrx_word' id='word_1_234' title='bbox 2392 2952 2528 3007; x_wconf 77' lang='lat' dir='ltr'>adsi-</span> 
     </span>
     <span class='ocr_line' id='line_1_41' title="bbox 1509 3031 2530 3106; baseline 0.001 -22"><span class='ocrx_word' id='word_1_235' title='bbox 1509 3043 1639 3106; x_wconf 81' lang='lat' dir='ltr'>gnat</span> <span class='ocrx_word' id='word_1_236' title='bbox 1681 3051 1698 3089; x_wconf 87' lang='lat'>:</span> <span class='ocrx_word' id='word_1_237' title='bbox 1753 3031 1848 3087; x_wconf 76' lang='lat' dir='ltr'>sed</span> <span class='ocrx_word' id='word_1_238' title='bbox 1869 3032 2076 3105; x_wconf 85' lang='lat' dir='ltr'>poetice</span> <span class='ocrx_word' id='word_1_239' title='bbox 2119 3033 2288 3106; x_wconf 77' lang='lat' dir='ltr'>magis</span> <span class='ocrx_word' id='word_1_240' title='bbox 2305 3072 2322 3100; x_wconf 90' lang='lat'>,</span> <span class='ocrx_word' id='word_1_241' title='bbox 2365 3049 2530 3104; x_wconf 81' lang='lat' dir='ltr'>quam</span> 
     </span>
     <span class='ocr_line' id='line_1_42' title="bbox 1510 3113 2530 3168; baseline 0.001 -2"><span class='ocrx_word' id='word_1_242' title='bbox 1510 3115 1878 3168; x_wconf 84' lang='lat' dir='ltr'>astronomice.</span> <span class='ocrx_word' id='word_1_243' title='bbox 1906 3113 2119 3168; x_wconf 86' lang='lat' dir='ltr'>Circulo</span> <span class='ocrx_word' id='word_1_244' title='bbox 2144 3115 2284 3168; x_wconf 87' lang='lat' dir='ltr'>enim</span> <span class='ocrx_word' id='word_1_245' title='bbox 2312 3113 2530 3167; x_wconf 84' lang='lat' dir='ltr'>Arctieo</span> 
     </span>
     <span class='ocr_line' id='line_1_43' title="bbox 1510 3191 2530 3267; baseline -0.002 -20"><span class='ocrx_word' id='word_1_246' title='bbox 1510 3193 1817 3259; x_wconf 79' lang='lat' dir='ltr'>Saturnum,</span> <span class='ocrx_word' id='word_1_247' title='bbox 1839 3195 2074 3267; x_wconf 87' lang='lat' dir='ltr'>Tropico</span> <span class='ocrx_word' id='word_1_248' title='bbox 2097 3191 2295 3248; x_wconf 85' lang='lat' dir='ltr'>Cancri</span> <span class='ocrx_word' id='word_1_249' title='bbox 2317 3193 2530 3256; x_wconf 79' lang='lat' dir='ltr'>Jovem,</span> 
     </span>
     <span class='ocr_line' id='line_1_44' title="bbox 1511 3271 2528 3345; baseline -0.002 -19"><span class='ocrx_word' id='word_1_250' title='bbox 1511 3273 1884 3345; x_wconf 81' lang='lat' dir='ltr'>AEquinoctiali</span> <span class='ocrx_word' id='word_1_251' title='bbox 1897 3275 2124 3326; x_wconf 80' lang='lat' dir='ltr'>Martem</span> <span class='ocrx_word' id='word_1_252' title='bbox 2139 3311 2156 3336; x_wconf 88' lang='lat'>‚</span> <span class='ocrx_word' id='word_1_253' title='bbox 2173 3271 2406 3343; x_wconf 81' lang='lat' dir='ltr'>&#39;l&#39;ropico</span> <span class='ocrx_word' id='word_1_254' title='bbox 2423 3271 2528 3324; x_wconf 81' lang='lat' dir='ltr'>Ca-</span> 
     </span>
     <span class='ocr_line' id='line_1_45' title="bbox 1509 3348 2529 3425; baseline -0.002 -19"><span class='ocrx_word' id='word_1_255' title='bbox 1509 3351 1741 3425; x_wconf 83' lang='lat' dir='ltr'>pricorni</span> <span class='ocrx_word' id='word_1_256' title='bbox 1763 3352 2054 3419; x_wconf 83' lang='lat' dir='ltr'>Venerem,</span> <span class='ocrx_word' id='word_1_257' title='bbox 2096 3348 2398 3403; x_wconf 83' lang='lat' dir='ltr'>Autarctico</span> <span class='ocrx_word' id='word_1_258' title='bbox 2423 3349 2529 3404; x_wconf 83' lang='lat' dir='ltr'>cir-</span> 
     </span>
    </p>
   </div>
   <div class='ocr_carea' id='block_1_7' title="bbox 1482 3429 2526 3506">
    <p class='ocr_par' dir='ltr' id='par_1_22' title="bbox 1482 3429 2526 3506">
     <span class='ocr_line' id='line_1_46' title="bbox 1482 3429 2526 3506; baseline -0.003 -21"><span class='ocrx_word' id='word_1_259' title='bbox 1482 3431 1632 3506; x_wconf 44' lang='lat' dir='ltr'>·culo</span> <span class='ocrx_word' id='word_1_260' title='bbox 1683 3431 2012 3484; x_wconf 84' lang='lat' dir='ltr'>Mercurium</span> <span class='ocrx_word' id='word_1_261' title='bbox 2053 3429 2312 3503; x_wconf 82' lang='lat' dir='ltr'>imponit;</span> <span class='ocrx_word' id='word_1_262' title='bbox 2360 3447 2526 3502; x_wconf 86' lang='lat' dir='ltr'>quum</span> 
     </span>
    </p>
   </div>
   <div class='ocr_carea' id='block_1_8' title="bbox 1513 3509 2526 3582">
    <p class='ocr_par' dir='ltr' id='par_1_23' title="bbox 1513 3509 2526 3582">
     <span class='ocr_line' id='line_1_47' title="bbox 1513 3509 2526 3582; baseline -0.001 -18"><span class='ocrx_word' id='word_1_263' title='bbox 1513 3524 1692 3566; x_wconf 81' lang='lat' dir='ltr'>tamen</span> <span class='ocrx_word' id='word_1_264' title='bbox 1733 3511 1796 3564; x_wconf 86' lang='lat' dir='ltr'>hi</span> <span class='ocrx_word' id='word_1_265' title='bbox 1842 3510 2029 3564; x_wconf 89' lang='lat' dir='ltr'>circuli</span> <span class='ocrx_word' id='word_1_266' title='bbox 2077 3509 2322 3564; x_wconf 87' lang='lat' dir='ltr'>omnibus</span> <span class='ocrx_word' id='word_1_267' title='bbox 2372 3528 2526 3582; x_wconf 64' lang='lat' dir='ltr'>aque</span> 
     </span>
    </p>
   </div>
   <div class='ocr_carea' id='block_1_9' title="bbox 1513 3591 2528 3736">
    <p class='ocr_par' dir='ltr' id='par_1_24' title="bbox 1513 3591 2528 3736">
     <span class='ocr_line' id='line_1_48' title="bbox 1513 3591 2290 3644; baseline -0.005 0"><span class='ocrx_word' id='word_1_268' title='bbox 1513 3591 1616 3644; x_wconf 79' lang='lat' dir='ltr'>sint</span> <span class='ocrx_word' id='word_1_269' title='bbox 1643 3607 1972 3644; x_wconf 84' lang='lat' dir='ltr'>communes.</span> <span class='ocrx_word' id='word_1_270' title='bbox 2279 3635 2290 3640; x_wconf 78' lang='grc'>,</span> 
     </span>
     <span class='ocr_line' id='line_1_49' title="bbox 1583 3670 2528 3736; baseline -0.006 -12"><span class='ocrx_word' id='word_1_271' title='bbox 1583 3670 1700 3724; x_wconf 76' lang='grc'><strong>183.</strong></span> <span class='ocrx_word' id='word_1_272' title='bbox 1740 3673 1920 3722; x_wconf 82' lang='lat' dir='ltr'>Coelum</span> <span class='ocrx_word' id='word_1_273' title='bbox 1959 3688 2104 3736; x_wconf 81' lang='lat' dir='ltr'>super</span> <span class='ocrx_word' id='word_1_274' title='bbox 2143 3670 2266 3719; x_wconf 75' lang='lat' dir='ltr'>aula</span> <span class='ocrx_word' id='word_1_275' title='bbox 2313 3673 2528 3719; x_wconf 77' lang='lat' dir='ltr'>Deorum</span> 
     </span>
    </p>
   </div>
   <div class='ocr_carea' id='block_1_10' title="bbox 1507 3747 2524 3820">
    <p class='ocr_par' dir='ltr' id='par_1_25' title="bbox 1507 3747 2524 3820">
     <span class='ocr_line' id='line_1_50' title="bbox 1507 3747 2524 3820; baseline -0.006 -16"><span class='ocrx_word' id='word_1_276' title='bbox 1507 3754 1614 3804; x_wconf 72' lang='lat' dir='ltr'>Axi</span> <span class='ocrx_word' id='word_1_277' title='bbox 1633 3763 1939 3818; x_wconf 77' lang='lat' dir='ltr'>compactum</span> <span class='ocrx_word' id='word_1_278' title='bbox 1964 3751 2278 3800; x_wconf 71' lang='lat' dir='ltr'>convolvitur.</span> <span class='ocrx_word' id='word_1_279' title='bbox 2305 3747 2483 3820; x_wconf 76' lang='lat' dir='ltr'>Vulgo</span> <span class='ocrx_word' id='word_1_280' title='bbox 2508 3765 2524 3798; x_wconf 74' lang='lat' dir='ltr'><em>z</em></span> 
     </span>
    </p>
   </div>
   <div class='ocr_carea' id='block_1_11' title="bbox 1516 3833 2399 3963">
    <p class='ocr_par' dir='ltr' id='par_1_26' title="bbox 1516 3833 2399 3963">
     <span class='ocr_line' id='line_1_51' title="bbox 1516 3833 2121 3901; baseline 0.003 -23"><span class='ocrx_word' id='word_1_281' title='bbox 1516 3856 1540 3878; x_wconf 71' lang='grc' dir='ltr'>ι</span> <span class='ocrx_word' id='word_1_282' title='bbox 1559 3833 1698 3884; x_wconf 79' lang='lat' dir='ltr'>Axea</span> <span class='ocrx_word' id='word_1_283' title='bbox 1722 3839 2058 3901; x_wconf 88' lang='lat' dir='ltr'>compactum</span> <span class='ocrx_word' id='word_1_284' title='bbox 2081 3853 2121 3879; x_wconf 74' lang='lat' dir='ltr'>n.</span> 
     </span>
     <span class='ocr_line' id='line_1_52' title="bbox 1579 3905 2399 3963; baseline -0.007 0"><span class='ocrx_word' id='word_1_285' title='bbox 1579 3909 1694 3963; x_wconf 85' lang='lat'>186.</span> <span class='ocrx_word' id='word_1_286' title='bbox 1717 3910 1903 3960; x_wconf 63' lang='lat' dir='ltr'>meiius</span> <span class='ocrx_word' id='word_1_287' title='bbox 1927 3907 2086 3960; x_wconf 85' lang='lat' dir='ltr'>Buhl.</span> <span class='ocrx_word' id='word_1_288' title='bbox 2105 3907 2266 3959; x_wconf 71' lang='lat' dir='ltr'>rutilo.</span> <span class='ocrx_word' id='word_1_289' title='bbox 2295 3905 2399 3958; x_wconf 80' lang='lat' dir='ltr'>En.</span> 
     </span>
    </p>
   </div>
   <div class='ocr_carea' id='block_1_12' title="bbox 1520 3983 2526 4137">
    <p class='ocr_par' dir='ltr' id='par_1_27' title="bbox 1520 3983 2526 4137">
     <span class='ocr_line' id='line_1_53' title="bbox 1580 3983 2526 4057; baseline -0.004 -15"><span class='ocrx_word' id='word_1_290' title='bbox 1580 3989 1694 4043; x_wconf 79' lang='lat'>188.</span> <span class='ocrx_word' id='word_1_291' title='bbox 1733 3991 1979 4042; x_wconf 76' lang='lat' dir='ltr'>Brumalis</span> <span class='ocrx_word' id='word_1_292' title='bbox 1996 3990 2187 4057; x_wconf 80' lang='lat' dir='ltr'>pulsus,</span> <span class='ocrx_word' id='word_1_293' title='bbox 2213 3987 2250 4039; x_wconf 84' lang='lat' dir='ltr'>i.</span> <span class='ocrx_word' id='word_1_294' title='bbox 2275 4005 2324 4039; x_wconf 76' lang='lat' dir='ltr'>e.</span> <span class='ocrx_word' id='word_1_295' title='bbox 2353 3983 2526 4038; x_wconf 70' lang='lat' dir='ltr'>solsti-</span> 
     </span>
     <span class='ocr_line' id='line_1_54' title="bbox 1520 4063 2482 4137; baseline -0.005 -16"><span class='ocrx_word' id='word_1_296' title='bbox 1520 4069 1632 4122; x_wconf 83' lang='lat' dir='ltr'>ium</span> <span class='ocrx_word' id='word_1_297' title='bbox 1666 4067 1924 4122; x_wconf 83' lang='lat' dir='ltr'>brumale</span> <span class='ocrx_word' id='word_1_298' title='bbox 1941 4109 1958 4134; x_wconf 86' lang='lat'>,</span> <span class='ocrx_word' id='word_1_299' title='bbox 1980 4069 2013 4124; x_wconf 71' lang='grc' dir='ltr'><strong>ἡ</strong></span> <span class='ocrx_word' id='word_1_300' title='bbox 2037 4065 2278 4137; x_wconf 67' lang='grc' dir='ltr'>χειμερινὴ</span> <span class='ocrx_word' id='word_1_301' title='bbox 2311 4063 2482 4133; x_wconf 62' lang='grc' dir='ltr'><strong>τροπή.</strong></span> 
     </span>
    </p>
   </div>
  </div>
 </body>
</html>
