<?xml version="1.0" encoding="UTF-8"?>
<!DOCTYPE html PUBLIC "-//W3C//DTD XHTML 1.0 Transitional//EN"
    "http://www.w3.org/TR/xhtml1/DTD/xhtml1-transitional.dtd">
<html xmlns="http://www.w3.org/1999/xhtml" xml:lang="en" lang="en">
 <head>
  <title>
</title>
<meta http-equiv="Content-Type" content="text/html;charset=utf-8" />
  <meta name='ocr-system' content='tesseract 3.04.00' />
  <meta name='ocr-capabilities' content='ocr_page ocr_carea ocr_par ocr_line ocrx_word'/>
</head>
<body>
  <div class='ocr_page' id='page_1' title='image "./poetaelatinimin01unkngoog_0512.png"; bbox 0 0 2996 4685; ppageno 0'>
   <div class='ocr_carea' id='block_1_1' title="bbox 888 375 2526 448">
    <p class='ocr_par' dir='ltr' id='par_1_1' title="bbox 888 375 2526 448">
     <span class='ocr_line' id='line_1_1' title="bbox 888 375 2526 448; baseline 0.002 -4"><span class='ocrx_word' id='word_1_1' title='bbox 888 377 1021 444; x_wconf 77' lang='lat' dir='ltr'><strong>AD</strong></span> <span class='ocrx_word' id='word_1_2' title='bbox 1071 375 1359 444; x_wconf 84' lang='lat' dir='ltr'><strong>ORAM</strong></span> <span class='ocrx_word' id='word_1_3' title='bbox 1409 377 2038 448; x_wconf 78' lang='lat' dir='ltr'><strong>MARITIMAM.</strong></span> <span class='ocrx_word' id='word_1_4' title='bbox 2389 375 2526 448; x_wconf 86' lang='grc'><strong>503</strong></span> 
     </span>
    </p>
   </div>
   <div class='ocr_carea' id='block_1_2' title="bbox 758 493 2155 1370">
    <p class='ocr_par' dir='ltr' id='par_1_2' title="bbox 758 493 2155 1370">
     <span class='ocr_line' id='line_1_2' title="bbox 1046 493 1888 562; baseline 0.005 -4"><span class='ocrx_word' id='word_1_5' title='bbox 1046 493 1272 559; x_wconf 99' lang='lat' dir='ltr'><strong>REGI.</strong></span> <span class='ocrx_word' id='word_1_6' title='bbox 1318 495 1588 559; x_wconf 84' lang='lat' dir='ltr'><strong>IVBAE.</strong></span> <span class='ocrx_word' id='word_1_7' title='bbox 1636 495 1888 562; x_wconf 88' lang='lat' dir='ltr'><strong>REGIS</strong></span> 
     </span>
     <span class='ocr_line' id='line_1_3' title="bbox 1027 595 1896 661; baseline 0.003 -3"><span class='ocrx_word' id='word_1_8' title='bbox 1027 595 1301 660; x_wconf 87' lang='lat' dir='ltr'><strong>IVBAE.</strong></span> <span class='ocrx_word' id='word_1_9' title='bbox 1349 596 1600 660; x_wconf 88' lang='lat' dir='ltr'><strong>FILIO.</strong></span> <span class='ocrx_word' id='word_1_10' title='bbox 1647 596 1896 661; x_wconf 88' lang='lat' dir='ltr'><strong>REGIS</strong></span> 
     </span>
     <span class='ocr_line' id='line_1_4' title="bbox 891 697 2102 768; baseline 0.005 -6"><span class='ocrx_word' id='word_1_11' title='bbox 891 697 1415 762; x_wconf 83' lang='lat' dir='ltr'><strong>HIEMPSALIS.</strong></span> <span class='ocrx_word' id='word_1_12' title='bbox 1462 697 1546 762; x_wconf 89' lang='lat' dir='ltr'><strong>N.</strong></span> <span class='ocrx_word' id='word_1_13' title='bbox 1593 697 1787 762; x_wconf 90' lang='lat' dir='ltr'><strong>REG.</strong></span> <span class='ocrx_word' id='word_1_14' title='bbox 1833 698 2025 764; x_wconf 86' lang='lat' dir='ltr'><strong>GAV.</strong></span> <span class='ocrx_word' id='word_1_15' title='bbox 2089 757 2102 768; x_wconf 93' lang='lat'><strong>.</strong></span> 
     </span>
     <span class='ocr_line' id='line_1_5' title="bbox 926 797 2000 864; baseline 0.003 -4"><span class='ocrx_word' id='word_1_16' title='bbox 926 797 1435 862; x_wconf 89' lang='lat' dir='ltr'><strong>PRONEPOTI.</strong></span> <span class='ocrx_word' id='word_1_17' title='bbox 1482 797 1751 864; x_wconf 88' lang='lat' dir='ltr'><strong>REGIS.</strong></span> <span class='ocrx_word' id='word_1_18' title='bbox 1795 798 2000 864; x_wconf 85' lang='lat' dir='ltr'><strong>MASI</strong></span> 
     </span>
     <span class='ocr_line' id='line_1_6' title="bbox 758 898 2155 965; baseline -0.001 -1"><span class='ocrx_word' id='word_1_19' title='bbox 758 898 1066 964; x_wconf 74' lang='lat' dir='ltr'><strong>NISSAE.</strong></span> <span class='ocrx_word' id='word_1_20' title='bbox 1112 898 1564 964; x_wconf 84' lang='lat' dir='ltr'><strong>ABNEPOTI.</strong></span> <span class='ocrx_word' id='word_1_21' title='bbox 1609 899 1690 964; x_wconf 90' lang='lat' dir='ltr'><strong>N.</strong></span> <span class='ocrx_word' id='word_1_22' title='bbox 1739 899 1814 964; x_wconf 90' lang='lat' dir='ltr'><strong>E.</strong></span> <span class='ocrx_word' id='word_1_23' title='bbox 1861 900 1934 965; x_wconf 95' lang='lat' dir='ltr'><strong>P.</strong></span> <span class='ocrx_word' id='word_1_24' title='bbox 1978 901 2059 964; x_wconf 95' lang='lat' dir='ltr'><strong>D.</strong></span> <span class='ocrx_word' id='word_1_25' title='bbox 2104 903 2155 964; x_wconf 91' lang='lat'><strong>1.</strong></span> 
     </span>
     <span class='ocr_line' id='line_1_7' title="bbox 922 999 2003 1083; baseline 0.001 -20"><span class='ocrx_word' id='word_1_26' title='bbox 922 999 983 1064; x_wconf 90' lang='lat' dir='ltr'><strong>Il</strong></span> <span class='ocrx_word' id='word_1_27' title='bbox 1030 999 1197 1064; x_wconf 89' lang='lat' dir='ltr'><strong>VIR.</strong></span> <span class='ocrx_word' id='word_1_28' title='bbox 1243 999 1461 1082; x_wconf 86' lang='lat' dir='ltr'><strong>QVIN</strong></span> <span class='ocrx_word' id='word_1_29' title='bbox 1465 1000 1548 1083; x_wconf 93' lang='lat' dir='ltr'><strong>Q.</strong></span> <span class='ocrx_word' id='word_1_30' title='bbox 1596 1000 2003 1066; x_wconf 84' lang='lat' dir='ltr'><strong>PATRONO</strong></span> 
     </span>
     <span class='ocr_line' id='line_1_8' title="bbox 1056 1101 1694 1166; baseline 0.008 -5"><span class='ocrx_word' id='word_1_31' title='bbox 1056 1155 1061 1161; x_wconf 93' lang='lat'><strong>.</strong></span> <span class='ocrx_word' id='word_1_32' title='bbox 1231 1101 1694 1166; x_wconf 90' lang='lat' dir='ltr'><strong>COLONIAE.</strong></span> 
     </span>
     <span class='ocr_line' id='line_1_9' title="bbox 1001 1201 1935 1268; baseline 0.005 -4"><span class='ocrx_word' id='word_1_33' title='bbox 1001 1201 1339 1266; x_wconf 89' lang='lat' dir='ltr'><strong>COLONI.</strong></span> <span class='ocrx_word' id='word_1_34' title='bbox 1385 1203 1516 1268; x_wconf 93' lang='lat' dir='ltr'><strong>ET.</strong></span> <span class='ocrx_word' id='word_1_35' title='bbox 1562 1204 1935 1268; x_wconf 87' lang='lat' dir='ltr'><strong>INCOLAE</strong></span> 
     </span>
     <span class='ocr_line' id='line_1_10' title="bbox 1248 1304 1678 1370; baseline 0.005 -4"><span class='ocrx_word' id='word_1_36' title='bbox 1248 1304 1644 1370; x_wconf 91' lang='lat' dir='ltr'><strong>LIBERTIN</strong></span> <span class='ocrx_word' id='word_1_37' title='bbox 1648 1307 1678 1368; x_wconf 94' lang='lat'><em>1</em></span> 
     </span>
    </p>
   </div>
   <div class='ocr_carea' id='block_1_3' title="bbox 387 1499 2526 2806">
    <p class='ocr_par' dir='ltr' id='par_1_3' title="bbox 390 1499 2526 2401">
     <span class='ocr_line' id='line_1_11' title="bbox 395 1499 2520 1589; baseline 0.002 -28"><span class='ocrx_word' id='word_1_38' title='bbox 395 1499 783 1588; x_wconf 74' lang='lat' dir='ltr'>singularias</span> <span class='ocrx_word' id='word_1_39' title='bbox 814 1503 1027 1565; x_wconf 82' lang='lat' dir='ltr'><strong>literas</strong></span> <span class='ocrx_word' id='word_1_40' title='bbox 1045 1549 1064 1582; x_wconf 89' lang='lat'>‚</span> <span class='ocrx_word' id='word_1_41' title='bbox 1100 1523 1245 1588; x_wconf 81' lang='lat' dir='ltr'><strong>quae</strong></span> <span class='ocrx_word' id='word_1_42' title='bbox 1275 1523 1469 1566; x_wconf 84' lang='lat' dir='ltr'><strong>versu</strong></span> <span class='ocrx_word' id='word_1_43' title='bbox 1503 1502 1736 1589; x_wconf 90' lang='lat' dir='ltr'><strong>quinto</strong></span> <span class='ocrx_word' id='word_1_44' title='bbox 1771 1515 2155 1582; x_wconf 88' lang='lat' dir='ltr'><strong>occurrunt,</strong></span> <span class='ocrx_word' id='word_1_45' title='bbox 2185 1501 2520 1566; x_wconf 81' lang='lat' dir='ltr'><strong>Reinesius</strong></span> 
     </span>
     <span class='ocr_line' id='line_1_12' title="bbox 392 1599 2522 1692; baseline 0.002 -32"><span class='ocrx_word' id='word_1_46' title='bbox 392 1599 457 1662; x_wconf 90' lang='lat' dir='ltr'><strong>in</strong></span> <span class='ocrx_word' id='word_1_47' title='bbox 486 1599 707 1666; x_wconf 89' lang='lat' dir='ltr'><strong>Indice</strong></span> <span class='ocrx_word' id='word_1_48' title='bbox 732 1601 1139 1690; x_wconf 87' lang='lat' dir='ltr'><strong>interpretari</strong></span> <span class='ocrx_word' id='word_1_49' title='bbox 1162 1617 1402 1667; x_wconf 84' lang='lat' dir='ltr'><strong>tentat:</strong></span> <span class='ocrx_word' id='word_1_50' title='bbox 1434 1603 1701 1668; x_wconf 82' lang='lat' dir='ltr'><strong>Nomim‘</strong></span> <span class='ocrx_word' id='word_1_51' title='bbox 1717 1602 1870 1692; x_wconf 83' lang='lat' dir='ltr'><strong>Ejus</strong></span> <span class='ocrx_word' id='word_1_52' title='bbox 1895 1601 2262 1666; x_wconf 81' lang='lat' dir='ltr'><strong>Ponendum</strong></span> <span class='ocrx_word' id='word_1_53' title='bbox 2285 1603 2522 1666; x_wconf 78' lang='lat' dir='ltr'><strong>Dican-</strong></span> 
     </span>
     <span class='ocr_line' id='line_1_13' title="bbox 390 1700 2526 1792; baseline 0 -28"><span class='ocrx_word' id='word_1_54' title='bbox 390 1700 661 1789; x_wconf 75' lang='lat' dir='ltr'><strong>dumqeoe</strong></span> <span class='ocrx_word' id='word_1_55' title='bbox 682 1703 1047 1782; x_wconf 51' lang='lat' dir='ltr'><strong>lasset-unm</strong></span> <span class='ocrx_word' id='word_1_56' title='bbox 1078 1703 1359 1791; x_wconf 88' lang='lat' dir='ltr'><strong>Sponius</strong></span> <span class='ocrx_word' id='word_1_57' title='bbox 1384 1727 1399 1768; x_wconf 91' lang='lat'><strong>:</strong></span> <span class='ocrx_word' id='word_1_58' title='bbox 1429 1705 1507 1770; x_wconf 92' lang='lat' dir='ltr'><em>N</em></span> <span class='ocrx_word' id='word_1_59' title='bbox 1502 1705 1706 1768; x_wconf 76' lang='lat' dir='ltr'><strong>amini</strong></span> <span class='ocrx_word' id='word_1_60' title='bbox 1729 1702 1888 1792; x_wconf 65' lang='lat' dir='ltr'><strong>Ejus</strong></span> <span class='ocrx_word' id='word_1_61' title='bbox 1919 1701 2275 1766; x_wconf 79' lang='lat' dir='ltr'><em>Plurimum</em></span> <span class='ocrx_word' id='word_1_62' title='bbox 2299 1703 2526 1768; x_wconf 77' lang='lat' dir='ltr'><strong>Devoci</strong></span> 
     </span>
     <span class='ocr_line' id='line_1_14' title="bbox 392 1803 2524 1872; baseline 0 -6"><span class='ocrx_word' id='word_1_63' title='bbox 392 1803 735 1868; x_wconf 66' lang='lat' dir='ltr'><strong>lassarunt.</strong></span> <span class='ocrx_word' id='word_1_64' title='bbox 760 1803 885 1868; x_wconf 89' lang='lat' dir='ltr'><strong>Sed</strong></span> <span class='ocrx_word' id='word_1_65' title='bbox 910 1804 1010 1868; x_wconf 81' lang='lat' dir='ltr'><strong>hae</strong></span> <span class='ocrx_word' id='word_1_66' title='bbox 1038 1804 1333 1870; x_wconf 79' lang='lat' dir='ltr'><strong>formulae</strong></span> <span class='ocrx_word' id='word_1_67' title='bbox 1361 1806 1579 1869; x_wconf 90' lang='lat' dir='ltr'><strong>minus</strong></span> <span class='ocrx_word' id='word_1_68' title='bbox 1611 1803 1917 1869; x_wconf 82' lang='lat' dir='ltr'><strong>videntur</strong></span> <span class='ocrx_word' id='word_1_69' title='bbox 1937 1804 2285 1868; x_wconf 84' lang='lat' dir='ltr'><strong>convenire</strong></span> <span class='ocrx_word' id='word_1_70' title='bbox 2312 1803 2524 1872; x_wconf 82' lang='lat' dir='ltr'><strong>verbis</strong></span> 
     </span>
     <span class='ocr_line' id='line_1_15' title="bbox 392 1903 2522 1992; baseline 0 -26"><span class='ocrx_word' id='word_1_71' title='bbox 392 1903 815 1990; x_wconf 81' lang='lat' dir='ltr'><strong>sequentibus</strong></span> <span class='ocrx_word' id='word_1_72' title='bbox 831 1952 850 1986; x_wconf 91' lang='lat'>,</span> <span class='ocrx_word' id='word_1_73' title='bbox 876 1906 1115 1992; x_wconf 85' lang='lat' dir='ltr'><strong>quibus</strong></span> <span class='ocrx_word' id='word_1_74' title='bbox 1150 1907 1317 1970; x_wconf 86' lang='lat' dir='ltr'><strong>tituli</strong></span> <span class='ocrx_word' id='word_1_75' title='bbox 1340 1907 1372 1969; x_wconf 88' lang='lat' dir='ltr'>J</span> <span class='ocrx_word' id='word_1_76' title='bbox 1378 1907 1522 1970; x_wconf 81' lang='lat' dir='ltr'><strong>ubae</strong></span> <span class='ocrx_word' id='word_1_77' title='bbox 1547 1906 2036 1972; x_wconf 82' lang='lat' dir='ltr'><strong>continuantur.</strong></span> <span class='ocrx_word' id='word_1_78' title='bbox 2063 1906 2290 1992; x_wconf 82' lang='lat' dir='ltr'><strong>Itaque</strong></span> <span class='ocrx_word' id='word_1_79' title='bbox 2318 1903 2522 1968; x_wconf 88' lang='lat' dir='ltr'><strong>malo:</strong></span> 
     </span>
     <span class='ocr_line' id='line_1_16' title="bbox 390 2003 2520 2093; baseline 0 -25"><span class='ocrx_word' id='word_1_80' title='bbox 390 2003 587 2068; x_wconf 79' lang='lat' dir='ltr'><strong>Nune</strong></span> <span class='ocrx_word' id='word_1_81' title='bbox 615 2006 831 2069; x_wconf 83' lang='lat' dir='ltr'><strong>Etiam</strong></span> <span class='ocrx_word' id='word_1_82' title='bbox 861 2005 1121 2070; x_wconf 74' lang='lat' dir='ltr'><strong>Publica</strong></span> <span class='ocrx_word' id='word_1_83' title='bbox 1166 2007 1590 2072; x_wconf 62' lang='lat' dir='ltr'><strong>occur-ionum</strong></span> <span class='ocrx_word' id='word_1_84' title='bbox 1622 2007 1824 2070; x_wconf 73' lang='lat' dir='ltr'><strong>Iussu.</strong></span> <span class='ocrx_word' id='word_1_85' title='bbox 1880 2004 2221 2093; x_wconf 85' lang='lat' dir='ltr'><strong>Quidquid</strong></span> <span class='ocrx_word' id='word_1_86' title='bbox 2267 2003 2336 2069; x_wconf 92' lang='lat' dir='ltr'><strong>id</strong></span> <span class='ocrx_word' id='word_1_87' title='bbox 2385 2021 2482 2070; x_wconf 88' lang='lat' dir='ltr'><strong>est</strong></span> <span class='ocrx_word' id='word_1_88' title='bbox 2499 2053 2520 2084; x_wconf 91' lang='lat'>,</span> 
     </span>
     <span class='ocr_line' id='line_1_17' title="bbox 392 2102 2524 2196; baseline 0.002 -31"><span class='ocrx_word' id='word_1_89' title='bbox 392 2102 550 2192; x_wconf 87' lang='lat' dir='ltr'><strong>lapis</strong></span> <span class='ocrx_word' id='word_1_90' title='bbox 570 2103 677 2168; x_wconf 91' lang='lat' dir='ltr'><strong>hic</strong></span> <span class='ocrx_word' id='word_1_91' title='bbox 694 2104 947 2170; x_wconf 88' lang='lat' dir='ltr'><strong>dicatur</strong></span> <span class='ocrx_word' id='word_1_92' title='bbox 961 2105 1015 2170; x_wconf 85' lang='lat' dir='ltr'><em>J</em></span> <span class='ocrx_word' id='word_1_93' title='bbox 1008 2107 1149 2171; x_wconf 82' lang='lat' dir='ltr'><strong>ubae</strong></span> <span class='ocrx_word' id='word_1_94' title='bbox 1166 2108 1328 2196; x_wconf 76' lang='lat' dir='ltr'><strong>Regi</strong></span> <span class='ocrx_word' id='word_1_95' title='bbox 1339 2109 1686 2174; x_wconf 74' lang='lat' dir='ltr'><strong>Duumviro</strong></span> <span class='ocrx_word' id='word_1_96' title='bbox 1710 2106 2188 2195; x_wconf 76' lang='lat' dir='ltr'><strong>Quinquennali</strong></span> <span class='ocrx_word' id='word_1_97' title='bbox 2199 2155 2218 2184; x_wconf 91' lang='lat'>‚</span> <span class='ocrx_word' id='word_1_98' title='bbox 2235 2105 2524 2170; x_wconf 77' lang='lat' dir='ltr'><strong>Patrono</strong></span> 
     </span>
     <span class='ocr_line' id='line_1_18' title="bbox 396 2203 2519 2296; baseline 0 -28"><span class='ocrx_word' id='word_1_99' title='bbox 396 2203 687 2270; x_wconf 81' lang='lat' dir='ltr'><strong>Colom&#39;oe.</strong></span> <span class='ocrx_word' id='word_1_100' title='bbox 734 2206 932 2290; x_wconf 91' lang='lat' dir='ltr'><strong>Quod</strong></span> <span class='ocrx_word' id='word_1_101' title='bbox 972 2209 1189 2295; x_wconf 88' lang='lat' dir='ltr'><strong>ipsum</strong></span> <span class='ocrx_word' id='word_1_102' title='bbox 1219 2209 1562 2274; x_wconf 88' lang='lat' dir='ltr'><strong>confirmat</strong></span> <span class='ocrx_word' id='word_1_103' title='bbox 1577 2257 1596 2291; x_wconf 90' lang='lat'>,</span> <span class='ocrx_word' id='word_1_104' title='bbox 1636 2209 1751 2296; x_wconf 81' lang='lat' dir='ltr'><strong>qui</strong></span> <span class='ocrx_word' id='word_1_105' title='bbox 1788 2208 1980 2296; x_wconf 88' lang='lat' dir='ltr'><strong>plane</strong></span> <span class='ocrx_word' id='word_1_106' title='bbox 2015 2205 2187 2270; x_wconf 89' lang='lat' dir='ltr'><strong>idem</strong></span> <span class='ocrx_word' id='word_1_107' title='bbox 2223 2205 2480 2294; x_wconf 82' lang='lat' dir='ltr'><strong>praefert</strong></span> <span class='ocrx_word' id='word_1_108' title='bbox 2501 2253 2519 2287; x_wconf 92' lang='lat'>‚</span> 
     </span>
     <span class='ocr_line' id='line_1_19' title="bbox 390 2305 2518 2401; baseline 0.001 -31"><span class='ocrx_word' id='word_1_109' title='bbox 390 2327 701 2373; x_wconf 85' lang='lat' dir='ltr'><strong>nummus</strong></span> <span class='ocrx_word' id='word_1_110' title='bbox 720 2308 1423 2397; x_wconf 85' lang='lat' dir='ltr'><strong>antiquusaGesnero‚</strong></span> <span class='ocrx_word' id='word_1_111' title='bbox 1447 2312 1606 2401; x_wconf 86' lang='lat' dir='ltr'><strong>Reg.</strong></span> <span class='ocrx_word' id='word_1_112' title='bbox 1635 2310 1792 2375; x_wconf 88' lang='lat' dir='ltr'><strong>min.</strong></span> <span class='ocrx_word' id='word_1_113' title='bbox 1819 2324 1992 2399; x_wconf 86' lang='lat' dir='ltr'><strong>gent.</strong></span> <span class='ocrx_word' id='word_1_114' title='bbox 2015 2307 2176 2373; x_wconf 84' lang='lat' dir='ltr'><strong>Tah.</strong></span> <span class='ocrx_word' id='word_1_115' title='bbox 2206 2306 2266 2388; x_wconf 84' lang='lat'><strong>3,</strong></span> <span class='ocrx_word' id='word_1_116' title='bbox 2285 2305 2391 2397; x_wconf 81' lang='lat' dir='ltr'><strong>fig.</strong></span> <span class='ocrx_word' id='word_1_117' title='bbox 2419 2307 2518 2389; x_wconf 89' lang='lat'><strong>18,</strong></span> 
     </span>
    </p>

    <p class='ocr_par' dir='ltr' id='par_1_4' title="bbox 388 2408 2514 2705">
     <span class='ocr_line' id='line_1_20' title="bbox 390 2408 2514 2501; baseline 0 -30"><span class='ocrx_word' id='word_1_118' title='bbox 390 2424 456 2471; x_wconf 89' lang='lat' dir='ltr'><strong>et</strong></span> <span class='ocrx_word' id='word_1_119' title='bbox 480 2432 519 2471; x_wconf 90' lang='lat' dir='ltr'><strong>a</strong></span> <span class='ocrx_word' id='word_1_120' title='bbox 548 2408 821 2479; x_wconf 86' lang='lat' dir='ltr'><strong>Liebio</strong></span> <span class='ocrx_word' id='word_1_121' title='bbox 804 2434 873 2475; x_wconf 85' lang='lat' dir='ltr'><strong>m</strong></span> <span class='ocrx_word' id='word_1_122' title='bbox 918 2408 1113 2475; x_wconf 86' lang='lat' dir='ltr'><strong>Goth.</strong></span> <span class='ocrx_word' id='word_1_123' title='bbox 1158 2434 1341 2477; x_wconf 87' lang='lat' dir='ltr'><strong>num.</strong></span> <span class='ocrx_word' id='word_1_124' title='bbox 1382 2436 1449 2501; x_wconf 90' lang='lat' dir='ltr'><strong>p.</strong></span> <span class='ocrx_word' id='word_1_125' title='bbox 1481 2416 1558 2489; x_wconf 75' lang='lat'><strong>41</strong></span> <span class='ocrx_word' id='word_1_126' title='bbox 1600 2412 2003 2501; x_wconf 85' lang='lat' dir='ltr'><strong>propositus,</strong></span> <span class='ocrx_word' id='word_1_127' title='bbox 2043 2426 2108 2475; x_wconf 86' lang='lat' dir='ltr'><strong>et</strong></span> <span class='ocrx_word' id='word_1_128' title='bbox 2141 2409 2514 2498; x_wconf 81' lang='lat' dir='ltr'><strong>Carthagini</strong></span> 
     </span>
     <span class='ocr_line' id='line_1_21' title="bbox 388 2507 2514 2603; baseline 0.001 -31"><span class='ocrx_word' id='word_1_129' title='bbox 388 2507 449 2572; x_wconf 88' lang='lat' dir='ltr'>N</span> <span class='ocrx_word' id='word_1_130' title='bbox 453 2532 587 2573; x_wconf 80' lang='lat' dir='ltr'><strong>ovae</strong></span> <span class='ocrx_word' id='word_1_131' title='bbox 618 2509 796 2575; x_wconf 90' lang='lat' dir='ltr'><strong>haud</strong></span> <span class='ocrx_word' id='word_1_132' title='bbox 826 2528 1068 2576; x_wconf 84' lang='lat' dir='ltr'><strong>temere</strong></span> <span class='ocrx_word' id='word_1_133' title='bbox 1107 2510 1503 2603; x_wconf 83' lang='lat' dir='ltr'><strong>adscriptus,</strong></span> <span class='ocrx_word' id='word_1_134' title='bbox 1527 2514 1642 2603; x_wconf 89' lang='lat' dir='ltr'><strong>qui</strong></span> <span class='ocrx_word' id='word_1_135' title='bbox 1676 2515 1743 2577; x_wconf 94' lang='lat' dir='ltr'><strong>in</strong></span> <span class='ocrx_word' id='word_1_136' title='bbox 1775 2513 2040 2578; x_wconf 84' lang='lat' dir='ltr'><strong>adversa</strong></span> <span class='ocrx_word' id='word_1_137' title='bbox 2075 2526 2254 2601; x_wconf 87' lang='lat' dir='ltr'><strong>parte</strong></span> <span class='ocrx_word' id='word_1_138' title='bbox 2289 2508 2514 2576; x_wconf 88' lang='lat' dir='ltr'><strong>florem</strong></span> 
     </span>
     <span class='ocr_line' id='line_1_22' title="bbox 388 2614 2511 2705; baseline 0.001 -28"><span class='ocrx_word' id='word_1_139' title='bbox 388 2614 504 2678; x_wconf 86' lang='lat' dir='ltr'><strong>loti</strong></span> <span class='ocrx_word' id='word_1_140' title='bbox 534 2615 797 2679; x_wconf 83' lang='lat' dir='ltr'><strong>exhibet</strong></span> <span class='ocrx_word' id='word_1_141' title='bbox 831 2638 983 2679; x_wconf 87' lang='lat' dir='ltr'><strong>cum</strong></span> <span class='ocrx_word' id='word_1_142' title='bbox 1020 2616 1309 2705; x_wconf 85' lang='lat' dir='ltr'><strong>inscript.</strong></span> <span class='ocrx_word' id='word_1_143' title='bbox 1351 2618 1554 2683; x_wconf 90' lang='lat' dir='ltr'><strong>IVBA</strong></span> <span class='ocrx_word' id='word_1_144' title='bbox 1589 2618 1766 2681; x_wconf 89' lang='lat' dir='ltr'><strong>REX</strong></span> <span class='ocrx_word' id='word_1_145' title='bbox 1801 2618 2056 2681; x_wconf 86' lang='lat' dir='ltr'><strong>IVBAE</strong></span> <span class='ocrx_word' id='word_1_146' title='bbox 2087 2619 2159 2681; x_wconf 91' lang='lat' dir='ltr'><strong>F.</strong></span> <span class='ocrx_word' id='word_1_147' title='bbox 2200 2620 2264 2684; x_wconf 90' lang='lat'><strong>11</strong></span> <span class='ocrx_word' id='word_1_148' title='bbox 2303 2616 2385 2680; x_wconf 89' lang='lat' dir='ltr'><strong>V.</strong></span> <span class='ocrx_word' id='word_1_149' title='bbox 2431 2618 2511 2698; x_wconf 93' lang='lat' dir='ltr'><strong>Q.</strong></span> 
     </span>
    </p>

    <p class='ocr_par' dir='ltr' id='par_1_5' title="bbox 387 2716 2508 2806">
     <span class='ocr_line' id='line_1_23' title="bbox 387 2716 2508 2806; baseline 0.003 -27"><span class='ocrx_word' id='word_1_150' title='bbox 387 2716 692 2781; x_wconf 75' lang='lat' dir='ltr'><strong>Duumm&#39;r</strong></span> <span class='ocrx_word' id='word_1_151' title='bbox 722 2718 1337 2806; x_wconf 73' lang='lat' dir='ltr'><strong>quinquemaeal125;in</strong></span> <span class='ocrx_word' id='word_1_152' title='bbox 1370 2741 1588 2783; x_wconf 84' lang='lat' dir='ltr'><strong>aversa</strong></span> <span class='ocrx_word' id='word_1_153' title='bbox 1618 2720 1751 2782; x_wconf 88' lang='lat' dir='ltr'><strong>CN.</strong></span> <span class='ocrx_word' id='word_1_154' title='bbox 1788 2718 2192 2782; x_wconf 86' lang='lat' dir='ltr'><strong>ATELLIVS</strong></span> <span class='ocrx_word' id='word_1_155' title='bbox 2223 2718 2508 2785; x_wconf 80' lang='lat' dir='ltr'><strong>PONTI-</strong></span> 
     </span>
    </p>
   </div>
   <div class='ocr_carea' id='block_1_4' title="bbox 380 2822 2514 4229">
    <p class='ocr_par' dir='ltr' id='par_1_6' title="bbox 383 2822 2514 3516">
     <span class='ocr_line' id='line_1_24' title="bbox 385 2822 2512 2913; baseline 0.002 -29"><span class='ocrx_word' id='word_1_156' title='bbox 385 2822 450 2885; x_wconf 95' lang='lat' dir='ltr'><strong>II</strong></span> <span class='ocrx_word' id='word_1_157' title='bbox 502 2822 581 2885; x_wconf 91' lang='lat' dir='ltr'><strong>V.</strong></span> <span class='ocrx_word' id='word_1_158' title='bbox 622 2824 703 2906; x_wconf 94' lang='lat' dir='ltr'><strong>Q.</strong></span> <span class='ocrx_word' id='word_1_159' title='bbox 754 2822 1093 2912; x_wconf 68' lang='lat' dir='ltr'><strong>Pontffex,</strong></span> <span class='ocrx_word' id='word_1_160' title='bbox 1136 2825 1452 2890; x_wconf 78' lang='lat' dir='ltr'><strong>Duumvir</strong></span> <span class='ocrx_word' id='word_1_161' title='bbox 1496 2823 2030 2913; x_wconf 75' lang='lat' dir='ltr'><strong>Quinquennalis,</strong></span> <span class='ocrx_word' id='word_1_162' title='bbox 2076 2848 2226 2889; x_wconf 89' lang='lat' dir='ltr'><strong>cum</strong></span> <span class='ocrx_word' id='word_1_163' title='bbox 2268 2826 2512 2890; x_wconf 85' lang='lat' dir='ltr'><strong>instru-</strong></span> 
     </span>
     <span class='ocr_line' id='line_1_25' title="bbox 388 2923 2514 3015; baseline 0.001 -28"><span class='ocrx_word' id='word_1_164' title='bbox 388 2924 623 2989; x_wconf 86' lang='lat' dir='ltr'><strong>mentis</strong></span> <span class='ocrx_word' id='word_1_165' title='bbox 664 2923 1141 3014; x_wconf 64' lang='lat' dir='ltr'><strong>pontificalibus</strong></span> <span class='ocrx_word' id='word_1_166' title='bbox 1184 2942 1485 3014; x_wconf 83' lang='lat' dir='ltr'><strong>quatuor.</strong></span> <span class='ocrx_word' id='word_1_167' title='bbox 1530 2928 1628 2989; x_wconf 85' lang='lat' dir='ltr'><strong>Ex</strong></span> <span class='ocrx_word' id='word_1_168' title='bbox 1663 2948 1796 3013; x_wconf 89' lang='lat' dir='ltr'><strong>quo</strong></span> <span class='ocrx_word' id='word_1_169' title='bbox 1843 2926 2263 3015; x_wconf 82' lang='lat' dir='ltr'><strong>intelligimus</strong></span> <span class='ocrx_word' id='word_1_170' title='bbox 2280 2975 2298 3007; x_wconf 91' lang='lat'>,</span> <span class='ocrx_word' id='word_1_171' title='bbox 2334 2926 2514 2991; x_wconf 83' lang='lat' dir='ltr'><strong>Jubae</strong></span> 
     </span>
     <span class='ocr_line' id='line_1_26' title="bbox 386 3025 2509 3117; baseline 0.001 -29"><span class='ocrx_word' id='word_1_172' title='bbox 386 3026 577 3115; x_wconf 83' lang='lat' dir='ltr'><strong>Regis</strong></span> <span class='ocrx_word' id='word_1_173' title='bbox 612 3025 679 3089; x_wconf 87' lang='lat' dir='ltr'><strong>in</strong></span> <span class='ocrx_word' id='word_1_174' title='bbox 714 3026 1141 3091; x_wconf 81' lang='lat' dir='ltr'><strong>Duumviratu</strong></span> <span class='ocrx_word' id='word_1_175' title='bbox 1167 3026 1572 3116; x_wconf 82' lang='lat' dir='ltr'><strong>Carthaginis</strong></span> <span class='ocrx_word' id='word_1_176' title='bbox 1603 3028 1916 3117; x_wconf 82' lang='lat' dir='ltr'><strong>collegam</strong></span> <span class='ocrx_word' id='word_1_177' title='bbox 1947 3027 2146 3092; x_wconf 86' lang='lat' dir='ltr'><strong>fuisse</strong></span> <span class='ocrx_word' id='word_1_178' title='bbox 2176 3028 2293 3092; x_wconf 85' lang='lat' dir='ltr'><strong>Cn.</strong></span> <span class='ocrx_word' id='word_1_179' title='bbox 2330 3028 2509 3093; x_wconf 86' lang='lat' dir='ltr'><strong>Atel·</strong></span> 
     </span>
     <span class='ocr_line' id='line_1_27' title="bbox 383 3123 2509 3219; baseline 0.002 -32"><span class='ocrx_word' id='word_1_180' title='bbox 383 3123 579 3208; x_wconf 83' lang='lat' dir='ltr'><strong>linm,</strong></span> <span class='ocrx_word' id='word_1_181' title='bbox 616 3148 901 3214; x_wconf 89' lang='lat' dir='ltr'><strong>eumque</strong></span> <span class='ocrx_word' id='word_1_182' title='bbox 943 3126 1343 3193; x_wconf 86' lang='lat' dir='ltr'><strong>Pontificem.</strong></span> <span class='ocrx_word' id='word_1_183' title='bbox 1398 3129 1533 3212; x_wconf 91' lang='lat' dir='ltr'><strong>Qui</strong></span> <span class='ocrx_word' id='word_1_184' title='bbox 1571 3146 2076 3193; x_wconf 88' lang='lat' dir='ltr'><strong>monumentum</strong></span> <span class='ocrx_word' id='word_1_185' title='bbox 2113 3130 2408 3219; x_wconf 88' lang='lat' dir='ltr'><strong>superius</strong></span> <span class='ocrx_word' id='word_1_186' title='bbox 2450 3130 2509 3192; x_wconf 89' lang='lat' dir='ltr'><strong>ei</strong></span> 
     </span>
     <span class='ocr_line' id='line_1_28' title="bbox 384 3226 2508 3319; baseline 0.002 -31"><span class='ocrx_word' id='word_1_187' title='bbox 384 3243 747 3313; x_wconf 84' lang='lat' dir='ltr'><strong>posuerunt</strong></span> <span class='ocrx_word' id='word_1_188' title='bbox 760 3274 781 3306; x_wconf 90' lang='lat'>‚</span> <span class='ocrx_word' id='word_1_189' title='bbox 824 3226 1136 3293; x_wconf 87' lang='lat' dir='ltr'><strong>dicuntur</strong></span> <span class='ocrx_word' id='word_1_190' title='bbox 1184 3229 1404 3295; x_wconf 82' lang='lat' dir='ltr'><strong>Coloni</strong></span> <span class='ocrx_word' id='word_1_191' title='bbox 1443 3244 1510 3294; x_wconf 70' lang='lat' dir='ltr'><strong>et</strong></span> <span class='ocrx_word' id='word_1_192' title='bbox 1549 3230 1786 3295; x_wconf 81' lang='lat' dir='ltr'><strong>Incoloe</strong></span> <span class='ocrx_word' id='word_1_193' title='bbox 1819 3230 2132 3295; x_wconf 77' lang='lat' dir='ltr'><strong>Libertini.</strong></span> <span class='ocrx_word' id='word_1_194' title='bbox 2180 3233 2508 3319; x_wconf 85' lang='lat' dir='ltr'><strong>Frequens</strong></span> 
     </span>
     <span class='ocr_line' id='line_1_29' title="bbox 384 3326 2506 3420; baseline 0.002 -31"><span class='ocrx_word' id='word_1_195' title='bbox 384 3326 867 3393; x_wconf 88' lang='lat' dir='ltr'><strong>Libertinorum</strong></span> <span class='ocrx_word' id='word_1_196' title='bbox 916 3352 1157 3394; x_wconf 87' lang='lat' dir='ltr'><strong>nomen</strong></span> <span class='ocrx_word' id='word_1_197' title='bbox 1198 3353 1317 3418; x_wconf 92' lang='lat' dir='ltr'><strong>per</strong></span> <span class='ocrx_word' id='word_1_198' title='bbox 1363 3332 1650 3395; x_wconf 88' lang='lat' dir='ltr'><strong>colonias</strong></span> <span class='ocrx_word' id='word_1_199' title='bbox 1691 3332 2067 3420; x_wconf 59' lang='lat' dir='ltr'><strong>Hispanias</strong></span> <span class='ocrx_word' id='word_1_200' title='bbox 2107 3348 2222 3395; x_wconf 87' lang='lat' dir='ltr'><strong>est.</strong></span> <span class='ocrx_word' id='word_1_201' title='bbox 2273 3333 2506 3396; x_wconf 88' lang='lat' dir='ltr'><strong>Ortum</strong></span> 
     </span>
     <span class='ocr_line' id='line_1_30' title="bbox 386 3430 2506 3516; baseline 0.003 -26"><span class='ocrx_word' id='word_1_202' title='bbox 386 3450 611 3491; x_wconf 88' lang='lat' dir='ltr'><strong>eorum</strong></span> <span class='ocrx_word' id='word_1_203' title='bbox 646 3445 712 3492; x_wconf 90' lang='lat' dir='ltr'><strong>et</strong></span> <span class='ocrx_word' id='word_1_204' title='bbox 740 3430 1016 3516; x_wconf 87' lang='lat' dir='ltr'><strong>primam</strong></span> <span class='ocrx_word' id='word_1_205' title='bbox 1048 3431 1369 3495; x_wconf 88' lang='lat' dir='ltr'><strong>coloniam</strong></span> <span class='ocrx_word' id='word_1_206' title='bbox 1403 3431 1597 3497; x_wconf 85' lang='lat' dir='ltr'><strong>tradit</strong></span> <span class='ocrx_word' id='word_1_207' title='bbox 1625 3432 1881 3514; x_wconf 81' lang='lat' dir='ltr'><strong>Livius,</strong></span> <span class='ocrx_word' id='word_1_208' title='bbox 1913 3432 2026 3497; x_wconf 91' lang='lat' dir='ltr'><strong>lib.</strong></span> <span class='ocrx_word' id='word_1_209' title='bbox 2061 3434 2306 3513; x_wconf 89' lang='lat' dir='ltr'><strong>XLIII,</strong></span> <span class='ocrx_word' id='word_1_210' title='bbox 2340 3454 2394 3497; x_wconf 91' lang='lat' dir='ltr'><strong>c.</strong></span> <span class='ocrx_word' id='word_1_211' title='bbox 2433 3433 2506 3511; x_wconf 87' lang='grc'><strong>3,</strong></span> 
     </span>
    </p>

    <p class='ocr_par' dir='ltr' id='par_1_7' title="bbox 380 3530 2508 3924">
     <span class='ocr_line' id='line_1_31' title="bbox 385 3530 2508 3621; baseline 0 -28"><span class='ocrx_word' id='word_1_212' title='bbox 385 3530 499 3616; x_wconf 88' lang='lat' dir='ltr'><strong>qui</strong></span> <span class='ocrx_word' id='word_1_213' title='bbox 551 3546 903 3612; x_wconf 87' lang='lat' dir='ltr'><strong>memorat,</strong></span> <span class='ocrx_word' id='word_1_214' title='bbox 955 3531 1257 3595; x_wconf 84' lang='lat' dir='ltr'><strong>homines</strong></span> <span class='ocrx_word' id='word_1_215' title='bbox 1300 3554 1497 3621; x_wconf 89' lang='lat' dir='ltr'><strong>super</strong></span> <span class='ocrx_word' id='word_1_216' title='bbox 1542 3549 1822 3620; x_wconf 86' lang='lat' dir='ltr'><strong>quatuor</strong></span> <span class='ocrx_word' id='word_1_217' title='bbox 1866 3532 2095 3614; x_wconf 88' lang='lat' dir='ltr'><strong>millia,</strong></span> <span class='ocrx_word' id='word_1_218' title='bbox 2145 3532 2260 3620; x_wconf 83' lang='lat' dir='ltr'><strong>qui</strong></span> <span class='ocrx_word' id='word_1_219' title='bbox 2309 3554 2378 3595; x_wconf 85' lang='lat' dir='ltr'><strong>se</strong></span> <span class='ocrx_word' id='word_1_220' title='bbox 2431 3554 2508 3595; x_wconf 88' lang='lat' dir='ltr'><strong>ex</strong></span> 
     </span>
     <span class='ocr_line' id='line_1_32' title="bbox 382 3630 2502 3722; baseline 0 -28"><span class='ocrx_word' id='word_1_221' title='bbox 382 3630 695 3697; x_wconf 85' lang='lat' dir='ltr'><strong>militibus</strong></span> <span class='ocrx_word' id='word_1_222' title='bbox 732 3633 1037 3697; x_wconf 81' lang='lat' dir='ltr'><strong>Romanis</strong></span> <span class='ocrx_word' id='word_1_223' title='bbox 1075 3650 1140 3697; x_wconf 91' lang='lat' dir='ltr'><strong>et</strong></span> <span class='ocrx_word' id='word_1_224' title='bbox 1179 3655 1256 3697; x_wconf 77' lang='lat' dir='ltr'><strong>ex</strong></span> <span class='ocrx_word' id='word_1_225' title='bbox 1304 3634 1604 3722; x_wconf 88' lang='lat' dir='ltr'><strong>Hispanis</strong></span> <span class='ocrx_word' id='word_1_226' title='bbox 1637 3633 2054 3714; x_wconf 76' lang='lat' dir='ltr'><strong>mulieribuS‚</strong></span> <span class='ocrx_word' id='word_1_227' title='bbox 2083 3656 2233 3697; x_wconf 88' lang='lat' dir='ltr'><strong>cum</strong></span> <span class='ocrx_word' id='word_1_228' title='bbox 2267 3631 2502 3719; x_wconf 85' lang='lat' dir='ltr'><strong>quibus</strong></span> 
     </span>
     <span class='ocr_line' id='line_1_33' title="bbox 384 3732 2506 3821; baseline 0 -26"><span class='ocrx_word' id='word_1_229' title='bbox 384 3733 789 3797; x_wconf 86' lang='lat' dir='ltr'><strong>connubium</strong></span> <span class='ocrx_word' id='word_1_230' title='bbox 822 3756 957 3797; x_wconf 88' lang='lat' dir='ltr'><strong>non</strong></span> <span class='ocrx_word' id='word_1_231' title='bbox 990 3749 1187 3815; x_wconf 87' lang='lat' dir='ltr'><strong>esset,</strong></span> <span class='ocrx_word' id='word_1_232' title='bbox 1220 3748 1403 3799; x_wconf 85' lang='lat' dir='ltr'><strong>natos</strong></span> <span class='ocrx_word' id='word_1_233' title='bbox 1433 3732 1915 3821; x_wconf 84' lang='lat' dir='ltr'><strong>profiterentur,</strong></span> <span class='ocrx_word' id='word_1_234' title='bbox 1947 3756 2026 3797; x_wconf 86' lang='lat' dir='ltr'><strong>ex</strong></span> <span class='ocrx_word' id='word_1_235' title='bbox 2059 3732 2364 3821; x_wconf 84' lang='lat' dir='ltr'><strong>Hispania</strong></span> <span class='ocrx_word' id='word_1_236' title='bbox 2387 3754 2506 3821; x_wconf 86' lang='lat' dir='ltr'><strong>per</strong></span> 
     </span>
     <span class='ocr_line' id='line_1_34' title="bbox 380 3833 2500 3950; baseline 0 -53"><span class='ocrx_word' id='word_1_237' title='bbox 380 3834 621 3921; x_wconf 84' lang='lat' dir='ltr'><strong>legatos</strong></span> <span class='ocrx_word' id='word_1_238' title='bbox 643 3834 951 3899; x_wconf 86' lang='lat' dir='ltr'><strong>Senatum</strong></span> <span class='ocrx_word' id='word_1_239' title='bbox 970 3856 1223 3915; x_wconf 84' lang='lat' dir='ltr'><strong>orasse,</strong></span> <span class='ocrx_word' id='word_1_240' title='bbox 1242 3850 1317 3898; x_wconf 91' lang='lat' dir='ltr'><strong>ut</strong></span> <span class='ocrx_word' id='word_1_241' title='bbox 1338 3835 1460 3899; x_wconf 90' lang='lat' dir='ltr'><strong>sibi</strong></span> <span class='ocrx_word' id='word_1_242' title='bbox 1484 3833 1837 3950; x_wconf 81' lang='lat' dir='ltr'><strong>oppidum,</strong></span> <span class='ocrx_word' id='word_1_243' title='bbox 1861 3836 1926 3898; x_wconf 88' lang='lat' dir='ltr'><strong>in</strong></span> <span class='ocrx_word' id='word_1_244' title='bbox 1951 3856 2086 3924; x_wconf 89' lang='lat' dir='ltr'><strong>quo</strong></span> <span class='ocrx_word' id='word_1_245' title='bbox 2108 3834 2500 3914; x_wconf 86' lang='lat' dir='ltr'><strong>babitarent,</strong></span> 
     </span>
    </p>

    <p class='ocr_par' dir='ltr' id='par_1_8' title="bbox 382 3934 2506 4229">
     <span class='ocr_line' id='line_1_35' title="bbox 382 3934 2499 4023; baseline -0.001 -24"><span class='ocrx_word' id='word_1_246' title='bbox 382 3934 663 4000; x_wconf 84' lang='lat' dir='ltr'><strong>daretur.</strong></span> <span class='ocrx_word' id='word_1_247' title='bbox 686 3936 993 4001; x_wconf 89' lang='lat' dir='ltr'><strong>Senatum</strong></span> <span class='ocrx_word' id='word_1_248' title='bbox 1017 3936 1399 4018; x_wconf 83' lang='lat' dir='ltr'><strong>decrevisse,</strong></span> <span class='ocrx_word' id='word_1_249' title='bbox 1424 3952 1496 3999; x_wconf 90' lang='lat' dir='ltr'><strong>ut</strong></span> <span class='ocrx_word' id='word_1_250' title='bbox 1519 3958 1597 4000; x_wconf 76' lang='lat' dir='ltr'><strong>ex</strong></span> <span class='ocrx_word' id='word_1_251' title='bbox 1622 3936 1698 4000; x_wconf 84' lang='lat' dir='ltr'><strong>iis</strong></span> <span class='ocrx_word' id='word_1_252' title='bbox 1716 3936 1830 4023; x_wconf 88' lang='lat' dir='ltr'><strong>qui</strong></span> <span class='ocrx_word' id='word_1_253' title='bbox 1853 3936 2228 4001; x_wconf 83' lang='lat' dir='ltr'><strong>manumissi</strong></span> <span class='ocrx_word' id='word_1_254' title='bbox 2257 3951 2499 4015; x_wconf 86' lang='lat' dir='ltr'><strong>essent,</strong></span> 
     </span>
     <span class='ocr_line' id='line_1_36' title="bbox 384 4036 2502 4103; baseline 0 -4"><span class='ocrx_word' id='word_1_255' title='bbox 384 4036 697 4101; x_wconf 88' lang='lat' dir='ltr'><strong>Carteiam</strong></span> <span class='ocrx_word' id='word_1_256' title='bbox 722 4036 806 4101; x_wconf 87' lang='lat' dir='ltr'><strong>ad</strong></span> <span class='ocrx_word' id='word_1_257' title='bbox 834 4036 1168 4102; x_wconf 85' lang='lat' dir='ltr'><strong>Oceanum</strong></span> <span class='ocrx_word' id='word_1_258' title='bbox 1198 4036 1695 4103; x_wconf 87' lang='lat' dir='ltr'><strong>deducerentur.</strong></span> <span class='ocrx_word' id='word_1_259' title='bbox 1721 4038 1904 4103; x_wconf 89' lang='lat' dir='ltr'><strong>Hanc</strong></span> <span class='ocrx_word' id='word_1_260' title='bbox 1932 4038 2251 4103; x_wconf 88' lang='lat' dir='ltr'><strong>coloniam</strong></span> <span class='ocrx_word' id='word_1_261' title='bbox 2283 4036 2502 4101; x_wconf 88' lang='lat' dir='ltr'><strong>Liber-</strong></span> 
     </span>
     <span class='ocr_line' id='line_1_37' title="bbox 382 4137 2506 4229; baseline -0.003 -28"><span class='ocrx_word' id='word_1_262' title='bbox 382 4138 705 4222; x_wconf 85' lang='lat' dir='ltr'><strong>tinorum,</strong></span> <span class='ocrx_word' id='word_1_263' title='bbox 738 4160 881 4229; x_wconf 78' lang='lat' dir='ltr'><strong>quoe</strong></span> <span class='ocrx_word' id='word_1_264' title='bbox 913 4140 1177 4205; x_wconf 81' lang='lat' dir='ltr'><strong>Carteiae</strong></span> <span class='ocrx_word' id='word_1_265' title='bbox 1202 4140 1565 4222; x_wconf 84' lang='lat' dir='ltr'><strong>subcrevit,</strong></span> <span class='ocrx_word' id='word_1_266' title='bbox 1596 4137 1774 4203; x_wconf 85' lang='lat' dir='ltr'><strong>haud</strong></span> <span class='ocrx_word' id='word_1_267' title='bbox 1805 4138 2003 4203; x_wconf 87' lang='lat' dir='ltr'><strong>dubie</strong></span> <span class='ocrx_word' id='word_1_268' title='bbox 2033 4140 2170 4203; x_wconf 69' lang='lat' dir='ltr'><strong>aliae</strong></span> <span class='ocrx_word' id='word_1_269' title='bbox 2203 4138 2506 4223; x_wconf 85' lang='lat' dir='ltr'><strong>deinceps</strong></span> 
     </span>
    </p>
   </div>
   <div class='ocr_carea' id='block_1_5' title="bbox 2976 2576 2982 3171">
    <p class='ocr_par' dir='ltr' id='par_1_9' title="bbox 2976 2576 2982 3171">
     <span class='ocr_line' id='line_1_38' title="bbox 2976 2576 2982 3171; baseline 0 0"><span class='ocrx_word' id='word_1_270' title='bbox 2976 2576 2982 3171; x_wconf 95' lang='lat' dir='ltr'><strong> </strong></span> 
     </span>
    </p>
   </div>
  </div>
 </body>
</html>
