2996 4685
526 429 687 499 -628

1008 426 1554 495 VARIORUM
1613 425 2196 493 AUCTORUM

638 550 974 621 Humidus
1014 549 1168 617 inde
1205 548 1423 616 locum
1462 546 1768 615 conlucet
1799 548 2130 641 Aquarius
2161 546 2428 630 urbem,

640 663 812 730 Exin
862 656 1313 755 squammiferi
1360 670 1702 751 serpentes
1749 655 1974 724 ludere
2014 656 2254 724 Pisces.

542 857 741 913 editum
774 868 851 909 est
886 858 1067 907 lumine
1087 851 1286 923 pei-gie:
1318 852 1566 904 Heinsius

542 938 839 1008 conjecerat
864 937 1022 989 sidere
1040 936 1235 1001 pergit,
1268 931 1357 983 eui
1384 931 1566 982 Bur-m.

543 1014 787 1068 adsentit.
816 1014 951 1087 Ego,
976 1012 1022 1064 si
1047 1011 1125 1065 fas
1154 1021 1286 1063 esset
1302 1020 1420 1081 post
1440 1008 1568 1059 tales

543 1094 684 1147 viros
701 1134 715 1159 ,
739 1092 921 1146 darem
950 1094 1152 1143 vertice.
1186 1084 1286 1141 En.

621 1190 699 1224 11.
722 1174 959 1223 Humidus
1000 1172 1117 1219 Inde
1152 1172 1327 1220 Iocum.
1375 1166 1569 1219 Melius

543 1248 689 1322 apud
723 1248 957 1301 Bedam:
1012 1274 1032 1292 ι
1063 1244 1327 1305 Humidus
1368 1256 1420 1297 nt
1462 1244 1568 1297 lato

544 1330 769 1382 collucet
786 1328 1053 1401 Aquarius
1071 1326 1199 1378 orbe
1218 1350 1261 1376 ω.
1288 1322 1562 1377 Heinsius:

544 1435 569 1455 ιι
580 1407 706 1461 iude
719 1408 819 1461 loci
835 1407 1079 1461 conlucet
1098 1404 1361 1474 Aquarius
1378 1420 1512 1455 urna
1528 1428 1567 1447 »-

544 1487 689 1553 Quid
716 1488 755 1540 si
776 1487 983 1558 legatur
1000 1486 1237 1536 Humidus
1256 1485 1371 1533 hinc
1389 1485 1568 1551 longos

544 1571 753 1618 collucet
794 1566 1041 1633 Aquarius
1092 1576 1242 1612 artus.
1294 1560 1380 1612 Sic
1406 1558 1565 1611 'enim

800 1633 824 1687 Ι

1653 851 1890 903 Avienus
1905 888 1920 912 ‚
1954 849 2225 902 Phanom.
2247 849 2378 913 448:
2409 874 2430 894 ο
2445 848 2562 919 Ipse
2587 848 2671 901 de·

1656 929 1780 981 hine
1819 930 2004 1001 longos
2045 930 2258 1001 insignis
2297 928 2559 1000 Aquarius
2592 947 2673 980 ar-

1657 1020 1802 1061 tusn.
1818 994 2042 1063 Ultimos
2067 1008 2174 1061 duo
2194 1025 2378 1063 versus
2397 1008 2470 1061 sic
2491 1004 2672 1060 But-m.

1657 1090 1870 1159 refingit
1895 1107 1909 1139 τ
1951 1115 1973 1135 ι
1999 1088 2266 1142 Humidus
2298 1090 2511 1143 urceolo
2542 1106 2673 1141 eou-

1661 1168 1803 1219 lucet
1830 1168 2116 1239 Aquarius,
2143 1168 2324 1221 orbem
2362 1167 2502 1220 Exin
2529 1166 2675 1219 flam-

1657 1246 1912 1315 migerum
1940 1248 2173 1318 supremi
2201 1246 2413 1300 cludere
2445 1246 2619 1298 Pisces
2631 1272 2672 1297 n.

1658 1323 1759 1375 En.
1797 1354 1866 1363 -
1897 1328 2028 1376 Exin
2059 1327 2408 1393 squammiferi.
2432 1326 2675 1378 Heinsius

1641 1404 1948 1472 flammifero
2014 1420 2276 1473 vergentes
2336 1408 2495 1457 sidere
2507 1427 2526 1465 ;
2583 1404 2675 1455 sed

1655 1485 2002 1551 sqrmmnufero
2027 1500 2138 1537 non
2165 1484 2501 1536 mutandum.
2522 1483 2678 1535 Forte

1661 1564 2007 1631 squammifero
2033 1578 2282 1631 surgentes
2307 1567 2478 1615 sidem.
2505 1564 2601 1616 En.

952 1798 1049 1862 ΙΙ.
1100 1794 1682 1863 ΜΑΧῙΜΙΑΝῙ
1731 1794 1864 1861 DE
1912 1796 2286 1863 [ISDEM.

642 2012 1033 2081 Numanus
1060 2010 1327 2101 juvenis
1366 2024 1610 2093 vector,
1643 2012 1978 2104 Taurique
2023 2013 2228 2081 trucis
2268 2012 2484 2097 from,

641 2126 729 2193 Et
767 2120 983 2215 proles
1019 2118 1265 2213 duplex
1306 2119 1524 2205 Jovis,
1569 2134 1634 2187 et
1673 2122 1862 2213 Nepa
1909 2120 2162 2189 torrida
2203 2121 2506 2191 flammis.

643 2232 911 2301 AEstifer
956 2228 1112 2297 inde
1151 2230 1290 2297 Leo
1328 2228 1508 2320 justa
1545 2251 1696 2297 cum
1733 2232 2012 2323 Virgine
2051 2231 2327 2325 fulgens.

642 2345 870 2430 Quam
910 2337 1209 2431 sequitur
1255 2336 1494 2423 Libra,
1525 2352 1594 2406 et
1631 2336 1922 2408 violenta
1960 2342 2232 2437 cuspide
2269 2368 2497 2411 saevuS.

646 2449 929 2518 Semifer
976 2449 1367 2516 Arcitenens
1406 2448 1588 2516 subit
1618 2464 1684 2517 et
1723 2453 2173 2545 Capricornus
2205 2479 2526 2546 aquosu5‚

644 2562 727 2627 Et
766 2559 872 2626 cui
916 2583 1161 2626 nomen
1204 2581 1390 2649 aquae
1437 2557 1726 2643 faciunt,
1761 2563 2107 2657 Piscesque
2145 2563 2428 2658 gemelli.

628 2777 673 2810 ι.
704 2757 978 2822 Nubigenoe
998 2754 1204 2818 juvenis.
1236 2751 1459 2805 Phrixus
1490 2753 1576 2804 in-

548 2835 819 2907 telligitur.
842 2832 1118 2886 Columell.
1142 2831 1221 2894 X,
1256 2831 1379 2883 155:
1413 2856 1435 2876 ι
1452 2831 1578 2884 Mox

546 2915 641 2970 ubi
666 2913 945 2983 nubigenoe
975 2909 1216 2963 Phrixi».
1242 2909 1490 2962 German.
1521 2909 1574 2962 in

550 2998 698 3048 Arat.
727 2992 909 3046 Phaon.
935 3009 1009 3042 vs.
1040 2992 1178 3060 527:
1214 3013 1236 3034 ι
1259 2989 1463 3040 Nobilis
1488 2989 1576 3040 hic

550 3075 687 3127 aries
708 3082 893 3123 aurato
918 3069 1137 3132 vellere,
1170 3066 1437 3139 quondam
1469 3068 1580 3132 Qui

548 3153 669 3205 tulit
695 3151 749 3202 iu
774 3150 981 3202 Tauros
1016 3147 1263 3200 Phrixum
1284 3170 1306 3192 ι
1321 3187 1336 3212 ,
1362 3148 1457 3198 ubi
1480 3166 1578 3217 per

550 3233 757 3284 Tauros
782 3227 1024 3296 intellige
1047 3227 1296 3278 Pontum.
1320 3225 1422 3280 En.

623 3311 673 3363 3.
696 3309 919 3375 AEstifer,
941 3304 1063 3359 cod.
1088 3304 1199 3356 Pet.
1224 3305 1471 3371 Astnfim
1486 3303 1579 3356 sed

552 3388 664 3442 vid.
690 3399 803 3441 not.
831 3383 1059 3458 proced.
1090 3383 1257 3453 epigr.
1286 3401 1339 3434 v.
1367 3389 1415 3444 4.
1440 3383 1538 3434 Ει).

622 3472 671 3521 6.
699 3467 903 3534 Semifhr
931 3466 1235 3514 Arcitenens.
1264 3458 1575 3532 Legendum

547 3551 763 3606 Sanivir,
780 3557 832 3600 et
853 3543 1055 3597 Chiron
1070 3541 1163 3613 qui
1182 3544 1459 3592 arcitenens
1476 3551 1574 3605 est,

548 3628 703 3682 etiam
732 3626 922 3676 semivir
948 3621 1142 3675 dicitur
1168 3619 1367 3674 ovidio
1387 3657 1402 3683 ,
1440 3617 1574 3671 Fast.

551 3709 623 3768 V,
640 3705 777 3758 380:
812 3729 835 3750 e
852 3701 1043 3775 prodet
1065 3719 1159 3752 suu
1182 3698 1353 3752 sidera
1375 3699 1576 3752 Chiron

548 3783 800 3847 Semivir,
844 3792 895 3835 et
942 3781 1065 3833 flavi
1118 3797 1339 3851 corpore
1378 3778 1576 3832 mixtus

550 3865 677 3935 equi
698 3889 739 3915 n.
772 3859 931 3932 Apud
956 3859 1178 3914 Statium
1202 3899 1217 3925 ,
1256 3858 1379 3911 silv.
1402 3857 1491 3922 11,
1525 3875 1572 3920 ι,

554 3945 625 4012 89
652 3961 663 3994 :
700 3939 963 3996 «semifer
997 3938 1303 3992 AEmouium
1332 3937 1575 3991 vincebat

1666 2755 1820 2810 Pelea
1847 2757 2048 2811 Chiron
2063 2785 2103 2810 ι».
2131 2760 2286 2831 Apud
2301 2759 2456 2812 Ovid.
2472 2761 2564 2830 Ep.
2583 2761 2685 2822 lx,

1673 2844 1764 2898 141
1789 2856 1801 2886 :
1841 2863 1861 2884 ι
1881 2839 2098 2890 semivir
2121 2839 2373 2891 occubuit
2397 2838 2452 2890 in
2477 2839 2685 2892 letifero

1665 2917 1848 2968 Eveno
1887 2918 2078 2969 Nessus
2110 2939 2130 2957 ·
2151 2959 2165 2982 ,
2203 2917 2294 2968 ubi
2333 2917 2527 2971 Nessus
2563 2939 2686 2973 een-

1665 3009 1844 3047 taurus
1864 2997 2100 3048 biformis
2115 3015 2204 3049 rec
2211 3007 2260 3047 te
2273 2998 2464 3047 semivir
2477 2993 2684 3048 dicitur.

1665 3073 1854 3126 Merito
1890 3073 2134 3127 dubitare
2171 3074 2292 3126 licet
2330 3091 2400 3126 an
2435 3077 2630 3143 semifer
2655 3093 2684 3126 a

1650 3155 1798 3220 senes
1847 3171 1946 3224 pro
1993 3173 2132 3225 equo
2152 3195 2167 3220 ,
2223 3155 2384 3225 proba
2431 3154 2686 3205 latinitate

1667 3235 1764 3295 sit,
1805 3251 1900 3302 pro
1928 3235 2202 3302 semiferus,
2239 3253 2406 3305 quum
2430 3231 2683 3306 adjectiva

1667 3311 1756 3364 illa
1770 3311 1824 3362 in
1835 3313 1930 3378 fer
1944 3311 2250 3372 desinentia,
2271 3314 2442 3381 letifer,
2451 3315 2680 3381 momfir,

1663 3393 1904 3458 salutifer,
1935 3394 2124 3444 etaim.
2154 3411 2182 3444 a
2211 3393 2376 3445 verbo
2384 3394 2545 3460 fier-re,
2577 3409 2684 3443 non

1665 3469 2082 3537 afines‚deriven
2091 3483 2193 3523 tur.
2205 3472 2360 3524 Errat
2370 3469 2689 3532 Oudendor-

1665 3549 1784 3618 pius
1805 3590 1818 3614 ‚
1856 3549 1947 3620 qui
1976 3551 2248 3604 semiferos
2277 3550 2382 3605 dici
2405 3563 2686 3604 centauros

1667 3629 1804 3690 vult,
1831 3631 1949 3698 quia
1972 3630 2204 3682 semiviri
2233 3629 2490 3684 dicuntur
2511 3631 2687 3683 Eunu-

1665 3707 1781 3760 chi:
1811 3725 1978 3777 quum
1999 3719 2171 3760 tamen
2199 3709 2410 3762 semivir
2436 3711 2590 3762 etiam
2617 3705 2685 3760 de

1665 3787 1971 3838 Minotauro
1991 3786 2136 3858 apud
2153 3787 2312 3840 Ovid.
2336 3791 2448 3839 Art.
2475 3791 2591 3840 Am.
2610 3787 2683 3845 n,

1669 3873 1730 3928 24
1753 3885 1765 3919 :
1795 3891 1816 3912 ι
1839 3867 2278 3939 Semibovemque
2296 3869 2466 3919 virum
2487 3905 2501 3930 ,
2532 3867 2684 3920 semi-

1665 3947 1940 4016 virumque
1961 3947 2148 3998 bovem
2171 3971 2215 3996 ι.
2247 3947 2346 3998 En.
