2996 4685
539 361 683 444 400
1009 359 1145 424 DE
1194 359 1545 432 AVIENI
1594 361 1805 429 ORA
1854 361 2196 429 MARIT.

540 487 902 578 Bongarsii,
929 485 1151 550 saltem
1173 487 1448 553 alterum
1474 489 1559 554 de
1582 489 1785 553 altero
1816 487 2215 577 descriptum
2234 488 2431 552 fuisse
2451 487 2674 551 existi·

541 618 714 660 mem
759 593 876 681 (1).
919 593 1004 658 Et
1048 616 1256 682 quum
1305 597 1524 684 plures
1573 595 1750 660 docti
1796 596 1918 658 viri
1962 595 2475 684 manuscriptum
2522 595 2673 658 01ae

540 701 876 766 maritimae
939 702 1277 788 exemplar-
1305 703 1720 768 tractaverint
1733 751 1752 784 ‚
1818 719 1896 766 ut
1951 703 2237 766 Ortelius
2254 751 2273 783 ,
2328 699 2635 766 Schottus
2654 749 2673 781 ,

540 807 890 872 Scriverius
907 853 925 885 ,
967 806 1424 888 Casaubonus-,
1464 829 1663 872 nemo
1698 823 1914 871 tamen
1953 828 2181 870 eorum
2226 806 2389 869 alius
2432 805 2675 869 codicis

541 913 624 977 ab
658 934 728 976 se
763 911 1000 1000 reperti
1032 910 1132 975 vel
1156 911 1304 994 visi,
1334 929 1567 1000 praeter
1592 911 1771 975 hunc
1799 911 2201 976 Ortelianum
2222 958 2239 992 ‚
2273 911 2673 974 mentionem

539 1018 762 1099 injicit.
782 1017 1094 1081 Praeterea
1113 1016 1454 1085 Schraderi
1469 1067 1488 1100 ‚
1508 1018 1692 1098 cujus
1710 1016 2071 1081 luculentas
2089 1015 2679 1080 animadversiones

541 1125 610 1189 in
644 1122 960 1210 Descript.
997 1122 1141 1186 orb.
1173 1121 1382 1205 edidi,
1417 1120 1783 1186 subitaneas
1806 1122 2177 1209 ‘brevesque
2210 1121 2575 1185 notationes
2612 1135 2679 1183 et

543 1230 946 1310 conjecturas
983 1226 1065 1291 ad
1100 1228 1286 1315 plura
1321 1229 1467 1292 Orae
1509 1227 1845 1293 maritimae
1879 1227 2054 1308 loca‘,
2094 1228 2165 1290 in
2202 1249 2407 1315 pauoe
2442 1226 2679 1290 chartae

543 1336 698 1400 folia
723 1337 1074 1418 conjectas,
1105 1334 1339 1416 habui,
1369 1357 1530 1422 quas
1561 1335 1629 1398 in
1663 1334 2191 1399 adnotationibus
2226 1333 2383 1397 meis
2408 1333 2681 1396 vocibus

543 1441 814 1506 Schrad.
839 1443 906 1504 in
923 1441 1050 1506 sch.
1071 1441 1324 1528 signare
1341 1441 1543 1504 sole0.
1571 1441 2067 1528 Nonnunquam
2090 1441 2259 1504 forte
2282 1439 2683 1502 mentionem

546 1549 670 1613 feci
699 1547 1102 1628 notularum,
1141 1567 1300 1633 quas
1329 1547 1452 1610 viri
1483 1545 1663 1611 docti
1690 1569 1922 1619 manus
1955 1568 2085 1609 orae
2116 1545 2463 1608 Pithoeanae
2494 1543 2687 1607 colle·

547 1654 781 1718 ctionis
815 1647 924 1717 ed.
954 1653 1154 1717 Paris.
1201 1651 1398 1738 1590,
1437 1653 1611 1716 inter
1654 1653 1854 1716 libros
1892 1652 2343 1717 Gronovianos
2378 1665 2687 1739 repertae,

547 1759 897 1843 adleverat‚
937 1758 1054 1823 sed
1093 1759 1299 1823 rarius
1339 1759 1409 1823 id
1455 1759 1612 1840 feci,
1655 1759 1807 1847 quia
1844 1758 2007 1822 nihil
2039 1758 2205 1840 fere,
2247 1757 2373 1821 nisi
2410 1757 2689 1820 aliorum

547 1860 938 1954 scriptorum
958 1913 973 1940 ,
1003 1864 1117 1952 qui
1139 1865 1460 1929 Avienum
1492 1865 1949 1946 illustrassent,
1976 1862 2245 1944 indicia,
2272 1861 2535 1927 aliunde
2552 1862 2691 1942 jam

549 1974 711 2038 mihi
744 1989 900 2038 nota
919 2023 936 2054 ‚
959 1971 1355 2037 adferebant.
1384 1973 1696 2053 Majorem
1728 1971 1891 2036 mihi
1912 1971 2167 2060 copiam
2188 1969 2691 2034 adnotationum

547 2079 1050 2168 suppeditarunt
1097 2079 1392 2166 impressi
1441 2079 1851 2144 eruditorum
1898 2078 2079 2159 libri,
2128 2078 2245 2164 qui
2288 2076 2389 2140 vel
2437 2092 2695 2164 partem

553 2185 702 2250 Orae
725 2184 1058 2248 maritimae
1081 2205 1161 2246 ex
1177 2182 1477 2247 instituto
1496 2197 2005 2270 pertractarunt,
2036 2180 2135 2244 vel
2162 2181 2374 2245 obiter
2396 2181 2695 2245 testimo-

553 2287 677 2351 niis
709 2287 938 2351 Avieni
960 2307 1040 2349 ex
1066 2306 1147 2349 eo
1167 2284 1386 2349 libello
1410 2300 1669 2351 utentes
1686 2335 1703 2364 ‚
1734 2287 1921 2375 plura
1942 2286 2079 2367 ejus
2102 2286 2245 2350 lom
2264 2285 2695 2350 illustrarunt.

552 2394 780 2479 Itaque
811 2406 1115 2479 congesta
1159 2391 1225 2453 in
1263 2412 1437 2455 meas
1477 2391 1933 2457 adnotationes
1954 2392 2245 2479 ·reperiet
2286 2391 2508 2474 lector,
2547 2413 2699 2478 qua».

553 2499 744 2584 Casp.
777 2495 1074 2561 Barthius
1109 2496 1179 2559 in
1207 2495 1472 2561 AdverS.
1509 2514 1573 2562 et
1600 2497 1899 2587 Ablegm;
1932 2498 2121 2561 Mart.
2154 2496 2413 2585 Opitius
2440 2498 2508 2561 in
2537 2498 2697 2560 Var.

553 2602 725 2667 Lect.
771 2600 936 2667 Lud.
975 2601 1230 2665 Nonius
1269 2602 1340 2664 in
1381 2602 1648 2690 Hispan.
1701 2603 1929 2667 Petrus
1978 2602 2058 2665 de
2104 2602 2335 2666 Marcu
2376 2603 2443 2665 in
2488 2602 2699 2667 Marc.

555 2707 740 2795 Hisp.
769 2706 862 2771 Cl.
889 2705 1233 2770 Salmasius
1255 2706 1324 2769 in
1349 2708 1574 2771 Exere.
1604 2706 1962 2773 Plin..Sam.
1988 2702 2345 2771 Bochartus
2366 2708 2435 2770 in
2456 2707 2697 2797 Geogr.

461 2862 470 2877 .
557 2836 717 2877 sacr.
762 2813 850 2877 Is.
897 2812 1168 2876 Vossius
1213 2811 1297 2876 ad
1342 2813 1576 2901 Pomp.
1620 2813 1774 2907 Mel.
1818 2829 1885 2877 et
1917 2812 2001 2876 ad
2042 2812 2209 2900 Scyl.
2254 2815 2399 2877 Car.
2446 2814 2705 2878 Auctor

557 2940 752 2981 anon.
806 2918 875 2980 in
936 2917 1322 3011 Observatu
1350 2918 1535 2983 Misc.
1594 2918 1693 2981 Jo.
1759 2916 2153 2982 Schraderus
2198 2918 2265 2981 in
2313 2916 2579 2983 Observ.
2632 2934 2705 2982 et

557 3021 878 3087 Emendd.
937 3039 1076 3086 tum
1125 3024 1509 3111 interpretes
1560 3038 1853 3087 veterum
1902 3039 2239 3112 poetarum
2260 3072 2277 3106 ,
2326 3025 2561 3089 Vlitius
2610 3024 2703 3089 ad

561 3129 737 3194 Grat.
771 3126 1218 3193 Broukhusius
1267 3128 1350 3193 ad
1389 3130 1634 3195 Tibull.
1665 3127 2238 3195 Drakenborchius
2279 3129 2362 3194 ad
2402 3131 2511 3194 Sil.
2552 3132 2700 3195 Ital.

559 3236 698 3301 Nic.
753 3234 1057 3301 Heinsius
1101 3251 1167 3297 et
1209 3250 1486 3322 uterque
1546 3234 1617 3299 P.
1668 3237 2082 3299 Burmannus
2124 3235 2206 3299 ad
2258 3234 2448 3299 Ovid.
2484 3234 2701 3300 Valet.

629 3412 705 3478 (1)
740 3408 1007 3481 Cupidum
1035 3408 1292 3463 librorum
1324 3410 1625 3483 Msptorum
1652 3412 1989 3467 collectorem
2018 3414 2366 3486 Bongnrsium
2394 3414 2555 3467 fuisse
2576 3433 2705 3469 oon-

561 3506 679 3547 stat.
707 3496 812 3549 Sed
835 3495 1146 3550 bibliotheca
1169 3500 1284 3569 ejus
1313 3498 1440 3552 Mss
1471 3500 1635 3553 variis
1658 3500 1789 3553 loeis
1820 3499 2057 3573 dispersa
2085 3500 2199 3553 fuit.
2230 3502 2358 3554 Pars
2390 3502 2501 3575 ejus
2536 3520 2705 3556 suasu

563 3584 780 3639 Gruteri
801 3584 870 3637 ab
891 3583 1104 3639 herede
1125 3584 1402 3657 Bongarsii
1427 3600 1611 3659 empta
1636 3588 1693 3643 in
1716 3587 2093 3643 bibliothecam
2121 3588 2368 3643 Heidelb.
2392 3602 2549 3661 atque
2574 3590 2705 3644 inde

563 3675 620 3727 in
651 3672 968 3725 Vaticanam
1008 3674 1284 3744 pervenit:
1335 3674 1492 3729 aliam
1538 3688 1747 3747 partem
1778 3677 2114 3731 bibliothece
2156 3678 2412 3733 Bet-nemi
2448 3678 2705 3733 insertam

564 3760 725 3814 fuisse
748 3760 1010 3813 novimus.
1031 3762 1160 3813 vid.
1185 3762 1246 3815 P.
1269 3767 1454 3829 Bayle,
1489 3764 1624 3817 Dict.
1652 3778 1750 3820 art.
1784 3772 2039 3835 Bongars,
2070 3779 2181 3820 not.
2206 3768 2269 3819 D.
2290 3778 2345 3820 et
2378 3768 2479 3819 Da.
2514 3767 2609 3820 His
2638 3767 2701 3821 in

567 3848 695 3902 locis
710 3886 726 3911 ,
757 3866 826 3901 an
848 3847 1041 3921 quibus
1059 3850 1201 3913 aliis,
1229 3854 1494 3925 exemplar
1512 3854 1934 3926 Bongarsianum
1952 3856 2072 3909 Orae
2090 3856 2369 3909 maritimae
2388 3857 2707 3927 reperiatur,

567 3936 811 4008 quarunt
833 3934 900 3997 ii,
928 3935 1121 4007 quibus
1143 3937 1322 3990 datum
1346 3952 1439 3993 est.
1461 3942 1523 3993 ln
1545 3942 1752 3999 Sinneri
1774 3942 2025 4013 Catalogo
2052 3944 2300 3997 Biblioth.
2320 3944 2477 3996 Bern.
2494 3944 2707 4000 nullum

573 4023 756 4075 Avieni
776 4021 934 4093 Mspti
968 4022 1225 4077 indicium
1255 4026 1370 4081 fieri
1389 4067 1405 4092 ,
1431 4030 1637 4083 monuit
1672 4030 1767 4083 'me
1806 4032 2075 4102 Langen-us
2094 4032 2161 4085 V.
2186 4032 2252 4085 C.
2288 4031 2533 4085 Biblioth.
2562 4032 2707 4086 Due.

567 4110 839 4166 Guelferb.
860 4110 1158 4165 Profectus.
