2996 4685
821 370 957 437 An
1005 368 1301 436 oRAM
1352 369 1986 437 MAmTIMAM.
2331 367 2467 466 507

346 489 895 556 accommodatam
955 486 1321 569 crederent,
1374 509 1706 552 revocasse
1758 505 1824 552 et
1875 487 2230 554 adseruisse
2250 537 2268 569 ‚
2321 492 2470 555 satis

347 609 625 660 constat.
674 594 1021 658 Memorari
1067 591 1363 679 inprimis
1398 607 1688 655 meretur
1721 593 2018 667 Cosmas,
2060 591 2174 677 qui
2211 589 2470 656 Indico-

290 721 321 768 ι
344 697 631 782 pleustes
662 694 1107 784 cognominari
1148 694 1312 757 solet
1332 740 1349 773 ,
1390 692 1734 782 AEgyptius
1771 691 2160 774 monachus,
2197 693 2472 782 scriptor

346 797 563 861 saeculi
599 797 794 877 sexti,
834 796 949 884 qui
986 797 1053 858 in
1098 793 1537 883 Topograplu'a
1584 791 1940 858 Chrlktz'ana
1979 793 2150 857 hanc
2163 841 2182 875 ,
2229 793 2312 858 de
2343 817 2472 883 qua

346 900 701 986 loquimur,
734 896 1095 962 doctrinam
1130 918 1386 960 summo
1418 895 1636 960 studio
1665 893 1952 958 defendit
1969 945 1986 971 ‚
2019 892 2132 958 sed
2163 911 2228 958 et
2251 896 2470 960 multis

348 999 607 1086 ineptiis
630 997 975 1086 implicuit,
1000 1020 1211 1086 eoque
1233 1012 1530 1061 nostrum
1556 996 1780 1062 Avieni
1805 996 2022 1059 locum
2049 994 2136 1059 ita
2163 996 2438 1061 illustrat
2453 1045 2471 1079 ,

350 1115 427 1164 ut
454 1099 615 1164 nihil
646 1121 859 1187 supra.
892 1098 1113 1166 Edidit
1138 1121 1286 1162 eum
1318 1097 1563 1162 librum
1595 1096 2004 1162 Bernhardus
2033 1097 2114 1161 de
2143 1096 2475 1184 Montfau-

348 1223 469 1264 con
509 1217 688 1264 tomo
732 1201 792 1264 11
839 1200 1248 1265 Collectionis
1277 1223 1459 1264 novae
1487 1199 1750 1263 Parrum
1779 1215 1846 1262 et
1875 1199 2262 1286 scriptorum
2295 1201 2474 1266 Grae·

348 1322 575 1364 corum
592 1349 610 1382 ,
628 1323 663 1364 a
685 1321 826 1388 pag.
855 1322 881 1363 1
900 1323 925 1362 1
940 1300 976 1365 3
992 1347 1011 1381 ,
1025 1315 1091 1364 et
1102 1300 1492 1388 praefationis
1516 1300 1722 1389 capite
1740 1300 1807 1365 ΙΙ
1825 1303 2074 1364 Cosmae
2093 1301 2470 1390 opinionem

349 1398 433 1464 de
480 1399 729 1464 mundo
765 1401 853 1464 ita
896 1402 1205 1489 exponit:
1245 1400 1618 1466 «Mundum
1661 1423 1799 1466 esse
1835 1402 2134 1490 planum,
2172 1425 2246 1467 ac
2291 1420 2472 1468 terrae

350 1501 753 1588 superficiem
792 1502 1105 1590 quadram
1144 1519 1208 1567 et
1246 1503 1684 1592 oblongarum.
1723 1504 1918 1567 Hunc
1949 1526 2104 1567 vero
2137 1505 2474 1593 parallelo-

350 1623 713 1690 grammum
778 1604 979 1667 muris
1036 1603 1276 1685 claudi3
1334 1627 1686 1693 murosque
1737 1627 1774 1668 a
1826 1619 2006 1691 parte
2061 1607 2354 1671 orientali
2409 1625 2472 1672 et

351 1703 765 1786 occidentali,
811 1706 894 1770 ab
936 1706 1071 1770 imo
1120 1704 1202 1770 ad
1243 1705 1571 1794 fastigium
1615 1721 1826 1769 rectos
1875 1706 1942 1769 in
1995 1707 2471 1773 semicirculum

350 1803 676 1888 desinere3
708 1829 741 1868 a
774 1823 955 1895 parte
985 1829 1139 1870 vero
1172 1807 1678 1895 septemtrionali
1705 1821 1770 1872 et
1795 1807 2198 1872 meridionali
2227 1825 2474 1873 erectos

350 1906 505 1969 item
538 1928 761 1970 muros
792 1928 963 1988 esse,
997 1906 1207 1971 donec
1240 1906 1321 1971 ad
1354 1907 1830 1972 semicirculum
1863 1907 2320 1996 pertingant....
2344 1908 2396 1970 F
2399 1907 2478 1970 ir-
2539 1984 2542 1993 Ι

350 2021 748 2071 mamentum
801 2030 1033 2096 porro,
1088 2031 1211 2073 ceu
1267 2011 1530 2073 lacunar
1581 2007 1910 2096 quoddam
1929 2058 1946 2090 ,
1998 2009 2116 2074 ubi
2180 2009 2350 2073 muri
2401 2010 2471 2072 in

349 2108 824 2173 semicirculum
858 2107 1107 2174 deflecti
1134 2111 1483 2198 incipiunt,
1520 2109 1866 2175 extendi....
1903 2111 2120 2198 thue
2149 2111 2474 2193 noctium,

350 2208 604 2274 dierum
643 2227 709 2274 et
736 2211 1070 2300 eclipsium
1098 2213 1409 2278 rationem
1443 2213 1716 2301 explicet
1735 2260 1753 2294 ,
1781 2211 1863 2277 ad
1887 2227 2171 2276 extrema
2205 2227 2481 2300 septem·

350 2311 579 2376 trionis
626 2328 920 2379 montem
968 2315 1353 2380 altissimum
1404 2337 1544 2381 esse
1577 2313 2086 2380 comminiscitur
2131 2337 2146 2379 z
2192 2329 2258 2377 et
2310 2313 2478 2377 circa

352 2428 638 2478 montem
676 2416 877 2479 solem
896 2465 913 2497 ,
954 2416 1177 2481 lunam
1223 2432 1289 2481 et
1330 2434 1497 2482 astra
1541 2440 1808 2483 cursum
1847 2438 2153 2505 peragere
2190 2432 2476 2506 pugnat3

351 2513 439 2578 ita
456 2530 559 2596 ut,
588 2536 793 2601 quum
818 2517 917 2581 sol
936 2516 1269 2583 adversam
1289 2518 1479 2583 nobis
1501 2519 1741 2583 montis
1757 2533 2008 2607 partem
2028 2516 2316 2605 respicit,
2337 2532 2478 2581 tum

351 2615 541 2680 nobis
585 2615 921 2705 adpareat,
966 2615 1235 2707 diesque
1282 2618 1396 2701 sit3
1444 2641 1649 2706 quum
1703 2635 1920 2683 autem
1965 2640 2138 2707 pone
2185 2632 2477 2681 montem

350 2740 615 2783 cursum
643 2719 919 2809 peragit,
948 2734 1089 2783 tum
1116 2734 1375 2784 noctem
1402 2719 1638 2785 efficiat
1653 2752 1698 2784 ι».
1727 2722 1880 2785 Haec
1909 2717 2476 2783 Montefalconius.

350 2818 659 2886 Eamdem
692 2822 941 2886 Cosmae
964 2820 1346 2885 sententiam
1377 2820 1661 2886 breviter
1682 2821 2057 2911 proposuit,
2090 2834 2156 2883 et
2177 2842 2312 2908 quo
2341 2841 2480 2882 me-

350 2920 475 2985 lius
506 2920 927 3011 intelligatur,
968 2922 1229 2987 schema
1262 2922 1401 3003 ejus
1446 2922 1709 3005 mundi,
1751 2921 1954 3011 figura
1994 2944 2120 2987 aere
2158 2920 2480 3008 descripta

352 3020 843 3105 adumbratum,
875 3022 1167 3103 adjunxit
1191 3025 1245 3088 J.
1280 3026 1358 3089 A.
1388 3023 1752 3106 Fabricius,
1783 3022 1948 3087 Bibl.
1977 3024 2178 3090 Graec.
2208 3022 2319 3087 lib.
2350 3022 2480 3103 111,

354 3142 409 3186 c·
460 3124 684 3206 XXV,
729 3126 855 3189 vol.
899 3125 963 3189 ΙΙ
980 3148 1095 3213 ,.p
1140 3124 1292 3189 613.
1341 3126 1475 3209 Qui
1512 3147 1717 3212 quum
1760 3124 1938 3189 dicto
1985 3124 2134 3191 loco
2185 3123 2480 3207 subjicit,

354 3223 600 3287 nescire
634 3214 732 3306 se,
775 3241 911 3289 tota
938 3248 1041 3289 res
1072 3249 1155 3289 an
1172 3211 1363 3314 apud
1397 3248 1791 3315 quemquam
1823 3226 2020 3290 alium
2045 3226 2354 3289 Veterum
2399 3225 2484 3289 sit

352 3322 574 3404 obvia,
614 3324 878 3411 adparet
894 3372 913 3408 ,
960 3348 1266 3416 magnum
1297 3328 1507 3391 virum
1525 3377 1544 3410 ,
1587 3350 1784 3415 quem
1819 3327 1984 3391 nihil
2019 3326 2155 3391 fere
2186 3341 2480 3391 veterum

354 3447 571 3489 rerum
610 3427 1131 3516 scriptorumque
1177 3430 1462 3518 fugeret,
1507 3430 1690 3495 hunc
1729 3446 1947 3495 tamen
1995 3428 2222 3493 Avieni
2259 3428 2480 3493 locum

356 3528 717 3616 ignorasse,
748 3530 861 3617 qui
890 3552 1030 3593 eam
1062 3531 1449 3595 sententiam
1482 3554 1616 3596 non
1646 3554 1683 3596 e
1716 3530 2131 3612 Christianis,
2165 3528 2280 3595 sed
2309 3546 2484 3595 vete-

355 3629 533 3694 ribus
563 3630 801 3696 Graecis
832 3631 1064 3720 repetit
1088 3680 1107 3713 ,
1144 3647 1210 3697 et
1242 3631 1479 3697 diserte
1510 3634 1846 3722 Epicureis
1877 3634 2108 3699 tribuit
2121 3681 2138 3715 ,
2175 3647 2480 3697 caeterum

354 3730 539 3816 plane
588 3732 845 3821 gemina
889 3754 1041 3797 cum
1096 3732 1366 3798 adsertis
1404 3734 1656 3815 Cosmae
1693 3736 1908 3802 habet.
1944 3738 2087 3801 Hoc
2127 3752 2203 3799 ut
2245 3736 2484 3823 cuique

356 3834 689 3901 manifeste
708 3837 1047 3927 adpareat,
1080 3837 1483 3927 adponemus
1518 3864 1696 3907 nunc
1728 3843 1944 3907 locum
1973 3844 2224 3907 Cosmoe
2245 3842 2482 3929 prima·

354 3936 552 4013 rium,
589 3942 757 4025 quo,
792 3939 1099 4005 circuitus
1130 3940 1281 4005 solis
1314 3942 1481 4007 circa
1517 3960 1808 4007 montem
1839 3944 1910 4007 in
1943 3942 2160 4009 medio
2191 3942 2478 4030 positum

358 4037 689 4125 quomodo
708 4040 959 4105 dierum
990 4043 1415 4130 noctiumque
1441 4045 1609 4109 vices
1637 4044 1906 4127 efficiat,
1931 4044 2270 4123 describit,
2293 4062 2478 4106 eum-

356 4164 481 4227 que
512 4158 585 4206 ut
616 4142 819 4229 lector
850 4167 1001 4209 cum
1028 4145 1319 4214 versibus
1352 4147 1584 4219 Avieni
1611 4171 1648 4217 a
1679 4146 1808 4215 653
1841 4148 1922 4213 ad
1956 4146 2086 4212 663
2115 4158 2478 4231 comparet,
2587 4174 2592 4178 ·
