2996 4685
915 361 1047 430 DE
1109 361 1191 428 R.
1245 357 1560 430 FESTO
1618 362 2015 434 AVIENO.
2446 360 2529 432 13

407 491 704 557 Carmina
725 494 876 573 ejus
909 491 1152 572 maiora
1169 537 1188 573 ,
1236 513 1381 580 qme
1413 489 1611 555 hodie
1642 506 1929 574 exstant,
1962 491 2211 556 cultum
2241 492 2529 558 Deorum
2576 554 2587 562 ,

406 597 656 685 ubique
685 599 953 686 spirant.
1002 596 1138 679 Qui
1168 597 1236 661 in
1271 597 1521 662 Arateis
1554 597 1853 660 carminis
1886 597 2247 686 auspicium
2288 621 2327 661 a
2372 599 2531 664 Jove

407 703 607 790 petit,
641 718 707 767 et
735 724 855 792 per
881 719 1204 768 astrorum
1233 703 1707 767 enarrationem
1738 703 1832 767 nil
1868 703 1993 767 nisi
2028 703 2289 792 mythos
2321 704 2532 793 genti-

407 806 570 873 lium
603 825 940 896 poetarum
985 824 1051 872 et
1097 807 1589 896 superstitiones
1636 809 1930 872 Deorum
1970 808 2263 896 exponit3
2308 808 2423 898 qui
2466 809 2535 872 in

411 911 727 1003 Periegesi
757 913 1073 1004 Apollinis
1104 927 1173 977 et
1203 913 1542 978 Musarum
1570 913 1885 976 auxilium
1914 913 2105 978 toties
2142 913 2400 979 invocat
2418 961 2437 996 ,
2470 930 2537 978 et
2573 981 2579 988 ,

408 1019 475 1081 in
511 1033 826 1082 terrarum
866 1017 1266 1106 urbiumque
1299 1016 1730 1105 descriptione
1765 1039 1941 1081 sacra
1973 1034 2039 1083 et
2082 1018 2319 1106 templa
2360 1019 2539 1082 Deo-

407 1147 557 1189 rum
605 1124 1022 1213 diversosque
1066 1123 1230 1190 ritus
1276 1122 1574 1213 inprimis
1623 1137 1907 1187 sectatur
1949 1139 2015 1188 et
2064 1122 2317 1205 laudat3
2356 1123 2539 1188 hunc

407 1247 739 1296 auctorem
783 1254 904 1320 pro
940 1230 1308 1295 Christiano
1337 1225 1579 1295 habere
1612 1230 1911 1320 ineptum
1951 1246 2067 1295 est.
2108 1231 2185 1295 In
2220 1229 2355 1296 aliis
2388 1231 2537 1318 qui-

409 1342 561 1406 dem
595 1343 988 1431 scriptorum
1021 1342 1159 1423 ejus
1193 1341 1476 1429 reliquiis
1512 1340 1808 1430 quaedam
1835 1340 2306 1405 Christianismi
2342 1341 2537 1406 vesti-

407 1447 512 1538 gia
543 1446 720 1513 docti
753 1449 870 1512 viri
901 1448 1242 1513 observare
1273 1447 1396 1512 sibi
1421 1447 1541 1510 visi
1572 1463 1761 1530 sunt,
1793 1461 1860 1511 et
1888 1448 2390 1538 Cannegieterus
2412 1446 2453 1512 l.
2478 1471 2536 1512 c.

409 1551 478 1617 id
510 1555 842 1644 colligere,
878 1577 1086 1643 quum
1114 1575 1194 1617 ex
1223 1552 1436 1618 verbis
1469 1551 1948 1642 epigrammatis
1990 1551 2071 1615 de
2108 1575 2267 1642 agro
2303 1573 2414 1616 suo
2448 1551 2547 1616 ad

407 1661 666 1741 amicos,
705 1661 946 1725 voluit:
982 1661 1183 1724 Mane
1216 1659 1418 1724 Deum
1461 1681 1659 1722 exoro
1677 1683 1705 1738 ‚·
1749 1674 1893 1722 tum
1926 1679 2005 1722 ex
2038 1657 2186 1723 loco
2237 1680 2277 1721 a
2318 1658 2541 1723 Servio

409 1765 606 1828 citato
628 1813 646 1846 ,
683 1788 817 1854 quo
863 1765 944 1832 de
993 1781 1248 1831 cometa
1289 1765 1566 1855 Augusti
1614 1781 1909 1853 tempore
1952 1763 2303 1854 adparente
2345 1768 2541 1833 verba

409 1870 600 1934 Lucae
631 1871 730 1952 ΙΙ,
767 1893 845 1934 ιο
865 1918 884 1952 ,
927 1891 1272 1957 usurpasse
1302 1869 1582 1933 videtur.
1616 1868 1743 1933 Sed
1766 1870 1963 1960 quod
1996 1870 2080 1935 ad
2116 1873 2541 1962 epigramma-

411 1975 554 2038 tion
593 1975 869 2058 adtinet,
910 1973 1164 2039 dudum
1203 1975 1436 2038 monui
1460 1973 1553 2063 (1)
1579 2022 1597 2057 ‚
1645 1975 1857 2040 bonos
1894 1976 2148 2041 codices
2182 1977 2273 2042 ibi
2305 1981 2542 2044 rectius

411 2079 624 2170 legere
649 2081 818 2145 Luce
845 2081 1010 2145 Deos
1043 2103 1155 2144 oro
1169 2127 1189 2162 ,
1231 2096 1298 2144 et
1329 2103 1474 2168 quae
1510 2080 1790 2146 subinde
1815 2081 2011 2147 verba
2035 2083 2101 2146 in
2130 2084 2357 2173 priscis
2387 2087 2545 2150 scri-

407 2187 706 2275 ptoribus
736 2187 1176 2277 reperiuntur,
1195 2186 1384 2251 dictis
1417 2209 1749 2252 sacrorum
1779 2188 2098 2254 librorum
2127 2189 2377 2272 similia,
2408 2215 2545 2257 non

411 2317 486 2359 ea
509 2295 604 2360 vis
638 2317 866 2361 eorum
891 2317 1040 2363 ,esse
1067 2292 1284 2378 debet,
1307 2308 1385 2360 ut
1417 2294 1851 2383 suspicionem
1886 2294 2049 2361 adeo
2075 2297 2548 2365 Christianismi

411 2418 736 2469 moveant.
780 2403 1224 2491 persequutus
1275 2424 1421 2467 sum
1465 2402 1591 2466 alio
1625 2402 1771 2465 loco
1811 2402 1983 2467 hanc
2016 2405 2348 2469 materiam
2380 2406 2548 2471 ube-

411 2506 548 2570 rius
571 2506 705 2595 (2),
738 2523 802 2571 et
834 2528 870 2570 e
907 2505 1282 2570 conditione
1314 2521 1690 2595 temporum
1722 2526 1952 2569 eorum
1976 2554 1994 2587 ,
2040 2507 2279 2595 quibus
2311 2508 2547 2575 Christi

411 2613 636 2702 religio
666 2613 925 2702 vulgata
953 2634 1072 2701 per
1103 2627 1328 2701 gentes
1360 2626 1458 2675 est
1473 2660 1492 2693 ,
1517 2611 1875 2676 illustribus
1907 2611 2298 2700 quibusdam
2326 2638 2544 2711 exem-

411 2718 536 2809 plis
567 2716 854 2801 ostendi,
881 2740 1097 2783 sacros
1124 2717 1639 2784 Christianorum
1664 2716 1866 2782 libros
1890 2716 1981 2781 ita
2003 2734 2194 2783 notos
2215 2721 2547 2810 lectosque

413 2824 872 2913 scriptoribus,
922 2840 1148 2889 caetera
1199 2824 1475 2887 ethnicis
1493 2873 1513 2907 ,
1566 2822 1765 2887 fuisse
1783 2871 1802 2905 ‚
1838 2839 1915 2888 ut
1962 2824 2241 2891 subinde
2296 2850 2396 2891 res
2416 2878 2435 2911 ‚
2484 2845 2551 2894 et

415 2930 586 2994 dicta
611 2980 630 3012 ‚
689 2946 756 2994 et
811 2929 1108 2995 historias
1159 2926 1315 2992 inde
1364 2928 1667 3015 repetitas
1731 2944 2137 3017 usurparent.
2202 2931 2548 2997 Nominavi

413 3038 818 3103 Chalcidium
838 3086 858 3121 ,
913 3037 1028 3126 qui
1085 3034 1374 3115 ejusdem
1421 3036 1615 3100 stellae
1636 3084 1654 3119 ,
1708 3034 1792 3099 de
1840 3058 1969 3125 qua
2018 3036 2301 3103 Avienus
2344 3038 2548 3104 Servii

416 3144 733 3233 loquutus
789 3143 1045 3208 videtur
1065 3192 1084 3225 ‚
1140 3158 1440 3207 exortum
1459 3188 1478 3224 ,
1530 3156 1596 3205 et
1651 3142 1971 3207 Avienum
2022 3142 2375 3226 Macrobii,
2432 3146 2548 3233 qui

419 3272 655 3336 pueros
684 3249 766 3313 ab
797 3248 1057 3315 Herod‘e
1091 3269 1242 3339 rege
1273 3248 1444 3311 intra
1483 3247 1803 3312 bimatum
1843 3248 2091 3313 occisos
2108 3296 2127 3331 ,
2160 3271 2242 3313 ex
2280 3249 2549 3315 historia

421 3354 781 3443 evangelica
811 3356 1028 3419 refert.
1059 3357 1285 3443 Ipsum
1311 3352 1598 3442 denique
1625 3355 1986 3435 Avienum,
2021 3354 2203 3417 Arati
2236 3354 2547 3445 interpre-

421 3476 555 3525 tem
576 3509 595 3543 ‚
656 3482 850 3548 quem
905 3461 1407 3551 Cannegieterus
1470 3483 1606 3525 non
1675 3475 1868 3549 negat
1924 3458 2258 3524 ethnicum
2310 3461 2547 3545 fuisse,

420 3564 676 3631 ostendi
694 3615 712 3643 ‚
747 3563 928 3654 quod
958 3565 1150 3629 etiam
1179 3566 1324 3629 Nic.
1350 3566 1671 3630 Antonius
1696 3561 1955 3628 volebat
1974 3610 1993 3647 ,
2026 3563 2220 3629 verba
2253 3568 2547 3655 quaedam

421 3696 502 3738 ex
549 3672 752 3738 Mosis
797 3671 1036 3737 Genesi
1081 3668 1534 3760 desumpsisse.
1579 3669 1774 3734 Nunc
1822 3668 1925 3733 his
1976 3672 2285 3762 exemplis
2341 3675 2548 3763 placet

419 3779 620 3843 alium
655 3795 723 3845 et
757 3776 1244 3843 memorabilem
1271 3777 1494 3842 locum
1531 3774 1794 3839 illustris
1829 3791 2037 3865 poetae
2068 3775 2324 3844 addere.
2361 3781 2549 3845 Clau-

493 4024 572 4091 (ι)
601 4024 668 4077 Iu
687 4022 942 4094 proemio
969 4019 1040 4075 ad
1060 4020 1198 4094 Epic.
1221 4020 1382 4073 Hom.
1401 4058 1418 4083 ,
1441 4020 1557 4093 huj.
1575 4036 1661 4094 op.
1682 4033 1719 4077 t.
1740 4020 1849 4089 111,
1874 4040 1998 4095 pag.
2015 4023 2136 4085 460.
2162 4022 2265 4075 En.

495 4112 576 4180 (a)
606 4110 778 4165 Tomo
804 4111 892 4165 111
907 4151 923 4179 ,
947 4128 1072 4183 pag.
1093 4112 1197 4175 466
1221 4120 1274 4163 et
1297 4125 1441 4181 seqq.
1463 4108 1566 4162 En.
