2996 4685
607 382 751 480 496
1342 383 1397 448 Ε
1416 385 1480 452 X
1495 385 1551 451 C
1574 385 1632 450 U
1648 385 1711 450 R
1725 383 1771 450 S
1786 383 1852 450 U
1866 383 1913 450 S
1976 386 2008 450 l

605 506 845 593 sephus
868 552 885 585 ,
919 503 1134 589 Antiq.
1164 501 1310 566 Jud.
1341 502 1448 565 lib.
1475 502 1661 566 XVII
1682 552 1699 585 ‚
1736 524 1872 591 cap.
1912 503 1987 568 15
2006 553 2025 581 ‚
2056 505 2325 569 alteram
2352 508 2545 572 Jubae
2580 512 2754 599 regis

606 629 877 670 uxorem
901 605 1098 668 fuisse
1115 603 1531 692 Glaphyram,
1552 603 1851 668 Archelai
1876 607 2042 695 regis
2064 607 2491 696 Cappadociae
2514 609 2717 674 filiam
2734 663 2755 691 ‚

611 725 805 795 atque
839 722 1025 771 antea
1053 720 1324 793 nuptam
1361 703 1760 787 Alexandro,
1796 703 1929 770 filio
1952 707 2231 772 Herodis
2256 711 2429 800 regis
2452 759 2472 791 ‚
2507 713 2755 800 cuique

477 811 487 824 ’
607 810 846 874 liberos
889 823 1240 898 pepererat.
1289 805 1590 870 Nox-isius
1642 807 1684 871 l.
1718 829 1775 872 c.
1811 807 1879 870 in
1914 807 2119 872 dubio
2156 808 2467 900 relinquit
2485 861 2508 895 ‚
2570 837 2755 878 mor-

607 929 804 976 tuane
830 912 1164 997 Cleopatra
1185 907 1582 996 Glaphyram
1608 905 1899 990 duxerit,
1927 931 2011 972 an
2040 910 2279 996 pariter
2300 934 2456 976 cum
2484 935 2563 977 ea
2586 937 2757 978 uxo-

607 1036 744 1078 rem
777 1012 1092 1076 habuerit.
1141 1007 1342 1092 Quod
1391 1026 1611 1073 autem
1661 1009 1981 1097 Iosephus
2026 1009 2246 1091 adjicit
2270 1061 2288 1094 ,
2342 1013 2751 1103 Glaphyran

607 1131 870 1180 mortuo
899 1115 932 1179 J
937 1113 1064 1178 uba
1089 1109 1264 1199 apud
1282 1126 1529 1199 patrem
1554 1111 1623 1173 in
1657 1109 2061 1199 Cappadocia
2088 1111 2351 1176 viduam
2386 1115 2713 1180 mansisse
2730 1169 2752 1199 ,

608 1215 817 1279 donec
852 1212 935 1276 ab
975 1209 1283 1275 Archelao
1305 1259 1322 1292 ,
1355 1210 1553 1274 fratre
1586 1210 1931 1276 Alexandri
1968 1213 2201 1300 prioris
2233 1215 2445 1278 mariti
2464 1265 2483 1298 ‚
2520 1216 2753 1282 denuo

608 1318 674 1379 in
703 1314 1186 1380 matrimonium
1214 1329 1585 1400 peteretur;
1621 1313 1687 1376 in
1723 1336 1802 1377 eo
1837 1313 2135 1379 Norisius
2168 1317 2359 1404 plane
2390 1339 2611 1382 errare
2640 1321 2753 1392 Jo-

608 1418 882 1506 sephum
915 1415 1237 1480 existimat
1258 1463 1276 1496 ‚
1328 1413 1861 1502 quandoquidem
1890 1415 2053 1480 Iuba
2103 1418 2175 1480 A.
2207 1419 2284 1482 U.
2322 1441 2451 1506 72²
2472 1468 2493 1500 ,
2550 1423 2751 1485 tertio

608 1523 742 1584 fere
769 1535 834 1583 et
855 1515 1344 1607 quadragesimo
1375 1516 1559 1604 regni
1584 1538 1759 1584 anno
1783 1514 2129 1582 decesserit
2146 1567 2163 1600 ,
2201 1520 2559 1585 Archelaus
2590 1546 2753 1588 vero

606 1619 978 1684 Ethnarcha
1023 1615 1393 1681 Judoeorum
1427 1617 1560 1696 jam
1598 1617 1671 1680 A.
1696 1617 1775 1680 U.
1811 1616 1941 1704 759
1970 1618 2053 1683 ab
2083 1620 2381 1708 Augusto
2412 1622 2749 1688 Viennam

605 1722 921 1811 relegatus
970 1732 1386 1783 memoretur.
1451 1719 1665 1781 Immo
1722 1720 2083 1783 accuratius
2138 1722 2425 1786 ‘calculos
2485 1725 2751 1789 subdu·

605 1823 817 1887 cendo
839 1820 1034 1886 credo
1056 1819 1287 1884 Iubam
1307 1819 1475 1882 ultra
1500 1821 2113 1909 quinquagesimum
2137 1843 2382 1886 annum
2413 1847 2748 1914 regnasse.

605 1925 774 1989 Nam
805 1925 896 2006 si,
933 1937 1008 1986 ut
1030 1921 1326 2008 superius
1353 1919 1647 2000 ostendi,
1681 1922 1753 1985 A.
1781 1923 1861 1986 U.
1892 1926 2023 2012 724
2045 1970 2062 2003 ,
2092 1923 2173 1987 ab
2200 1925 2507 2012 Augusto
2538 1951 2749 1993 uxore

605 2025 943 2112 Cleopatra
975 2039 1040 2086 et
1069 2043 1273 2110 regno
1316 2037 1587 2109 paterno
1619 2021 1900 2086 donatus
1934 2039 2031 2087 est
2051 2072 2070 2105 ‚
2114 2041 2313 2112 atque
2347 2027 2423 2090 A.
2454 2029 2545 2092 U.
2586 2033 2749 2117 776,

605 2149 784 2190 nono
829 2123 1222 2212 principatus
1257 2122 1505 2186 Tiberii
1556 2145 1730 2186 anno
1782 2123 1997 2188 adhuc
2044 2125 2111 2187 in
2158 2125 2317 2189 vivis
2366 2126 2493 2192 fuit
2518 2177 2543 2210 ,
2604 2133 2749 2219 plns

604 2225 1071 2314 quinquaginta
1103 2223 1286 2287 annis
1309 2246 1463 2287 eum
1494 2247 1795 2312 regnasse
1822 2223 2180 2290 conficitur.
2212 2225 2483 2292 Accedit
2501 2277 2525 2310 ,
2566 2232 2749 2319 quod

605 2329 670 2392 in
691 2324 974 2391 nummis
998 2323 1178 2389 Jubae
1196 2324 1468 2404 junioris
1491 2324 1867 2413 frequentes
1893 2325 2289 2391 characteres
2322 2333 2713 2397 numerales
2732 2382 2749 2414 ,

603 2444 679 2491 ut
707 2425 988 2490 XXXVI
1013 2472 1032 2505 ,
1080 2425 1337 2488 XXXX
1354 2473 1373 2506 ‚
1428 2426 1751 2491 XXXXII
1772 2474 1792 2507 ,
1838 2428 2183 2507 XXXXV,
2234 2431 2575 2516 praemissa
2610 2436 2749 2523 ple·

601 2549 882 2615 rumque
900 2527 1109 2590 littera
1135 2527 1215 2606 R,
1247 2526 1288 2589 i.
1313 2548 1368 2590 e.
1402 2528 1610 2617 regni,
1641 2529 2081 2617 reperiuntur.
2122 2532 2307 2613 Quos
2332 2532 2749 2601 characteres

599 2630 746 2694 licet
789 2628 1178 2718 ignorabiles
1223 2628 1544 2693 existimet
1590 2629 1873 2718 Sponius
1922 2633 1966 2695 1.
2012 2654 2067 2695 c.
2104 2654 2166 2720 p.
2220 2638 2344 2711 140·
2366 2682 2385 2716 ‚
2444 2638 2747 2727 Begerus

603 2750 819 2796 tamen
873 2731 1064 2795 Thes.
1113 2730 1347 2795 Brand.
1393 2747 1553 2795 tom.
1582 2733 1613 2795 I
1639 2780 1657 2813 ‚
1705 2756 1769 2820 p.
1808 2733 1967 2815 304,
2017 2734 2449 2801 verisimiliter
2484 2738 2749 2819 judicat

601 2856 807 2898 annos
832 2832 1013 2923 regni
1049 2830 1392 2921 significari
1415 2881 1433 2914 ‚
1471 2831 1795 2920 siquidem
1828 2834 2024 2901 iidem
2058 2837 2315 2899 numeri
2346 2836 2413 2899 in
2458 2841 2749 2927 quibus-

605 2937 756 3000 dam
781 2935 1066 3000 nummis
1105 2934 1344 2999 Graecis
1375 2936 1573 3000 literis
1606 2938 2078 3026 exprimuntur,
2117 2964 2173 3006 e.
2200 2964 2260 3029 g.
2296 2956 2459 3014 ΕΤους
2486 2960 2625 3007 ΜΓ.
2664 2946 2747 3009 Et

604 3034 868 3124 quando
905 3036 970 3097 in
1001 3035 1288 3100 nummis
1324 3036 1462 3101 istis
1493 3060 1629 3100 non
1664 3039 1787 3102 nisi
1810 3040 2081 3119 majores
2112 3067 2437 3109 annorum
2470 3049 2746 3110 numeri

599 3140 941 3225 leguntur,
995 3135 1124 3199 hoc
1155 3135 1396 3201 indicio
1429 3154 1561 3220 est,
1614 3139 1845 3204 Iubam
1878 3141 2288 3231 longitudine
2325 3148 2595 3235 imperii
2642 3152 2747 3213 sui

601 3239 884 3303 laetatum
909 3284 928 3317 ‚
959 3235 1028 3300 id
1069 3238 1349 3301 voluisse
1393 3239 1670 3326 publicis
1726 3246 2173 3309 monumentis
2215 3246 2295 3311 ad
2344 3252 2743 3314 memoriam

601 3339 808 3429 prodi.
855 3340 1086 3427 Itaque
1127 3339 1180 3402 si
1215 3339 1541 3428 Glaphyra
1574 3358 1777 3430 nupta
1819 3343 1945 3407 fuit
1992 3346 2205 3429 Juhae,
2252 3366 2317 3413 et
2356 3366 2593 3437 postea
2638 3376 2745 3414 re-

598 3465 778 3506 versa
801 3439 885 3505 ad
916 3456 1164 3529 patrem
1193 3439 1256 3505 in
1279 3442 1769 3530 Cappadociam,
1804 3444 2111 3511 credibile
2147 3464 2264 3531 est,
2294 3448 2585 3514 divortio
2612 3474 2743 3539 po-

605 3543 728 3606 tius
755 3542 1081 3606 dimissam
1117 3562 1256 3606 esse
1274 3590 1292 3624 ,
1337 3564 1533 3630 quam
1562 3567 1597 3608 a
1630 3562 1893 3609 mortuo
1938 3548 2241 3614 relictam.
2290 3554 2621 3615 Caeterum
2656 3552 2743 3617 de

600 3644 942 3707 Ptolemaeo
965 3692 984 3723 ‚
1013 3642 1144 3707 filio
1173 3661 1239 3708 et
1261 3666 1634 3708 successore
1659 3646 1693 3709 J
1700 3646 1874 3728 ubae,
1921 3646 2048 3712 hoc
2088 3666 2343 3715 tantum
2392 3670 2740 3730 notamus,

595 3766 746 3807 eum
777 3767 810 3807 a
841 3745 994 3807 Caio
1039 3746 1284 3808 Caesare
1314 3745 1634 3834 Caligula,
1668 3748 1775 3809 cui
1809 3748 2239 3815 consobrinus
2276 3766 2447 3833 erat,
2492 3774 2739 3819 evooe·

597 3861 735 3907 tum
775 3867 810 3907 e
851 3866 1053 3932 regno
1073 3892 1093 3924 ‚
1143 3861 1208 3909 et
1255 3861 1523 3934 propter
1555 3846 1807 3911 divitias
1862 3865 2163 3914 necatum
2210 3874 2368 3915 esse.
2418 3851 2613 3917 Suet.
2670 3855 2735 3917 in

595 3947 788 4034 Calig.
825 3969 880 4010 c.
914 3947 996 4010 26
1029 3964 1094 4009 et
1124 3945 1237 4029 353
1292 3948 1454 4028 Dio,
1510 3948 1622 4011 lib.
1651 3950 1816 4013 LIX.
1874 3950 2253 4016 Accedimus
2318 3952 2405 4016 ad
2452 3956 2733 4019 tertium

591 4047 796 4112 laudis
826 4048 906 4111 ab
935 4047 1182 4111 Avieno
1213 4048 1468 4111 tributae
1491 4066 1937 4116 momentum:

901 4180 967 4231 Et
994 4179 1260 4233 literarum
1292 4200 1498 4253 semper
1528 4184 1581 4235 in
1608 4183 1784 4237 studio
1812 4185 1970 4247 Iuba,
