2996 4685
739 351 1356 420 DESCRIPTIO
1420 351 1720 418 ORBIS
1781 351 2156 420 TERRAE.

2375 377 2502 446 27!

482 475 727 570 Caspia
764 499 919 543 nam
964 472 1093 542 late
1126 487 1369 540 terram
1408 495 1614 563 super
1651 469 1864 540 adluit
1901 471 2118 558 unda,

478 585 859 678 Euxinique
894 582 1119 652 subest
1153 595 1417 674 tergum
1452 578 1604 648 salis
1634 606 1652 649 z
1692 605 1886 675 asper
1911 581 2202 650 Hiberus

479 694 611 764 Hic
652 693 837 787 agit:
888 693 999 762 hic
1034 689 1195 761 olim
1240 689 1650 784 Pyrrllenide
1689 690 1920 785 pulsus
1966 693 2050 760 ab
2094 716 2212 762 ora

484 805 775 898 Cespitis
810 804 936 872 Eoi
972 803 1192 871 tenuit
1230 799 1408 886 sola,
1443 824 1568 870 ceu
1606 826 1771 896 vaga
1812 825 1985 895 saepe

456 983 579 1034 881.
610 984 872 1050 Caspinam
894 987 994 1034 late
1020 995 1201 1033 terram
1238 999 1400 1048 super-

382 1063 537 1114 ublm’e
574 1066 715 1114 unda
732 1098 751 1126 ,
793 1064 1079 1130 Euxinique
1118 1063 1278 1112 subest
1309 1074 1403 1110 cer*-

377 1158 497 1207 gum
550 1143 691 1193 salis.
742 1143 946 1196 Locum
992 1141 1231 1194 vitiatum
1288 1157 1401 1192 esse

382 1217 539 1272 docet
582 1219 844 1284 latinitas;
868 1239 971 1273 vox
1004 1220 1145 1274 enim
1190 1223 1401 1288 Caspina

380 1316 647 1371 nusquam
677 1300 969 1370 reperitur:
1000 1312 1055 1353 et
1086 1317 1205 1364 res;
1231 1317 1403 1370 neque

378 1377 525 1429 enim
534 1376 817 1432 denotatur
825 1379 1046 1432 alterum
1055 1377 1418 1450 profundum„

378 1455 522 1508 inter
546 1456 689 1528 quod
717 1457 953 1510 Isthmus
973 1460 1133 1529 jacet.
1162 1457 1405 1530 Denique

378 1535 667 1604 Dionysius
687 1573 703 1601 ,
737 1537 829 1609 qui
868 1537 945 1589 sic
986 1536 1149 1590 habet
1167 1556 1245 1589 vs.
1266 1539 1403 1604 696:

377 1607 557 1686 Ῑσθμὸς
583 1619 818 1680 Κασπίης
844 1639 901 1670 τι
944 1619 1027 1671 καὶ
1057 1619 1294 1682 Εὖξεῖνοιο
1322 1624 1409 1671 θα·

376 1695 568 1758 λάσσης
582 1718 594 1732 ·
616 1695 761 1748 conf.
782 1695 943 1748 Prisc.
967 1715 1017 1746 v.
1041 1697 1177 1767 677:
1204 1723 1226 1743 ι
1246 1697 1406 1748 Euxi-

378 1791 511 1826 num
534 1773 788 1827 dirimens
802 1786 854 1828 et
866 1775 1053 1846 Caspia
1070 1775 1226 1828 litora
1248 1776 1349 1829 late
1362 1802 1405 1828 a.

378 1853 556 1906 Priori
591 1853 933 1908 incommodo
959 1855 1220 1908 succurrit
1248 1855 1407 1908 Hein-

380 1930 448 1984 sii
490 1932 753 1986 medicina
798 1933 1127 1987 emendantis
1150 1953 1164 1988 ε
1206 1937 1407 2003 Caspia·

378 2031 497 2062 cam
518 2015 622 2064 lace
644 2028 821 2064 tenum
846 2016 1305 2081 supet-abluitmtda.
1320 2013 1407 2066 Sic

376 2091 527 2143 enim
555 2091 787 2163 loquitur
824 2091 1047 2156 Statius3
1070 2091 1175 2144 vid.
1201 2091 1425 2147 Lexica.·

376 2169 484 2225 Sed
519 2170 591 2222 ita
631 2170 837 2243 reliqua
870 2183 1047 2224 tamen
1085 2186 1297 2225 manent
1322 2173 1407 2224 iu·

374 2249 679 2304 commoda.
717 2249 979 2303 Omnibus
997 2245 1304 2304 “medebitur
1330 2251 1408 2306 fa-

374 2329 491 2383 cilis
506 2329 783 2385 medicina:
800 2331 975 2401 Caspia
984 2350 1101 2381 nam
1116 2334 1216 2383 late
1227 2347 1407 2384 terram

375 2430 526 2479 super
558 2415 721 2463 adluit
751 2416 913 2473 unda,
943 2413 1226 2479 Euxinique
1251 2416 1411 2463 subest

377 2504 567 2558 tergum
592 2493 730 2541 salis.
748 2490 865 2544 Hoc
884 2490 1025 2542 euim
1056 2490 1307 2543 convenit
1335 2492 1407 2544 la·

376 2568 574 2621 tinitati
592 2610 608 2636 ‚
652 2570 729 2622 rei
779 2582 833 2622 et
880 2570 1155 2642 DionysiO.
1207 2571 1408 2625 Caussa

378 2646 533 2715 vitii,
560 2648 709 2721 quod
755 2648 875 2702 duae
907 2668 1060 2703 voces
1104 2648 1410 2701 coaluerant

382 2729 565 2795 Caspia
613 2748 732 2780 nam
781 2729 837 2781 in
892 2732 1216 2798 Caspianam,
1261 2728 1408 2799 quod

379 2803 591 2862 exhibet
609 2809 679 2861 V.
704 2807 851 2861 unde
867 2807 1115 2879 deinceps
1146 2810 1409 2875 Caspinam

378 2896 567 2949 fecere.
600 2890 758 2945 Scan.
790 2920 863 2930 --
893 2889 1045 2943 Hanc
1084 2887 1409 2941 emendatio-

378 2990 501 3025 nem
515 2970 703 3042 probat
711 2966 1139 3033 Wernsdorfius‚
1163 2978 1215 3021 et
1233 2986 1407 3020 exem-

378 3050 472 3123 plo
516 3050 695 3102 Nostri
738 3047 934 3101 adserit
977 3067 1031 3101 v.
1081 3048 1185 3118 898
1227 3046 1403 3101 infra:

384 3154 407 3175 ι
427 3128 621 3199 Caspia
647 3146 744 3199 per
776 3138 966 3180 teretes
988 3128 1190 3200 Tethys
1212 3128 1409 3181 disten·

382 3207 527 3260 ditur
540 3226 697 3260 oras-2.
712 3206 1233 3261 En.—Scribendum
1246 3206 1408 3262 eden-

382 3285 619 3357 dumque
661 3296 739 3337 est
783 3304 929 3352 super
968 3290 1157 3347 adluit,
1188 3287 1312 3358 quia
1348 3288 1407 3338 in

388 3365 526 3418 Ven.
550 3376 627 3417 est
639 3383 791 3433 ⁵:mper-
807 3366 977 3425 abluit,
999 3382 1097 3416 nec
1116 3369 1409 3432 supet-adino

388 3444 627 3497 munitur
642 3443 745 3495 ulla
765 3442 1097 3496 auctoritate:
1111 3446 1411 3496 abluierecte

338 3511 341 3525 ¹
386 3523 657 3595 displicuit
703 3520 990 3586 Hudsono,
1038 3521 1288 3575 Oudend.
1338 3522 1410 3575 ad

387 3602 609 3665 Melam,
636 3621 689 3673 p.
712 3602 815 3669 983
838 3640 855 3664 ,
884 3611 936 3652 et
971 3612 1093 3653 ante
1125 3612 1411 3672 utrumque

386 3680 501 3734 Nic.
524 3680 759 3734 Heinsio.
777 3682 1285 3748 Souna-Caspium
1312 3686 1413 3733 lace

388 3776 567 3812 terram
625 3760 876 3813 exhibent
938 3778 1125 3812 omnes
1170 3770 1409 3827 vetusta,

386 3839 545 3893 etiam
591 3839 765 3893 Huds.
810 3838 956 3911 qnod
998 3838 1408 3907 Heinsius(uou

385 3917 811 3984 Schraderus,ut
832 3918 919 3972 Fr.
940 3918 1148 3991 prodit)
1165 3917 1411 3971 emenda·

386 4002 461 4051 vit
502 4002 815 4069 Caspium,
852 3996 995 4069 quod
1037 3995 1281 4050 usitatius
1309 4015 1407 4050 vo·

384 4077 633 4132 cabultim
649 4090 742 4131 est.
763 4076 1024 4131 Eamdem
1044 4096 1105 4130 ac
1122 4074 1275 4131 Schr.
1300 4096 1407 4131 me-

1486 976 1662 1030 delam
1686 981 1794 1051 jam
1818 979 1944 1031 olim
1961 978 2204 1032 adhibuit
2219 980 2436 1034 Camers
2449 983 2515 1035 ad

1486 1057 1658 1111 Prisc.
1707 1059 1831 1112 680.
1877 1057 2280 1112 Friesemannus
2320 1061 2477 1115 tradit
2501 1105 2517 1133 ,

1486 1139 1776 1192 nonnullos
1803 1140 2008 1212 legere,
2037 1143 2245 1208 Cuspide
2267 1162 2388 1194 nam
2415 1148 2518 1195 late

1488 1231 1698 1280 terram,
1723 1237 1856 1290 quos
1884 1238 1994 1270 non
2020 1219 2197 1272 inveni
2224 1239 2238 1273 :
2264 1241 2410 1289 super
2439 1227 2520 1273 ab·

1487 1298 1579 1348 Im’c
1599 1297 1736 1350 Ven.
1778 1311 1832 1351 et
1869 1297 2033 1370 Cusp.
2068 1305 2369 1368 superablm'c
2394 1320 2520 1354 con-

1481 1375 1715 1447 junctim
1743 1389 1971 1449 utraque
1993 1378 2200 1432 Pithoei.
2225 1379 2519 1434 Hudsonns

1489 1457 1716 1510 correxit
1735 1462 2053 1527 supet-adluit.
2241 1447 2248 1467 ⁹

1564 1537 1682 1591 882.
1706 1543 1866 1605 Asper
1879 1540 1985 1591 Hib.
2011 1537 2101 1590 Sic
2121 1557 2170 1590 v.
2195 1539 2298 1609 870
2319 1538 2518 1592 Henio-

1490 1614 1620 1668 chos
1643 1617 1884 1669 nominat
1901 1637 2130 1685 asperam
2145 1633 2359 1684 gentem.
2388 1620 2488 1672 En.

1565 1695 1686 1749 883.
1699 1699 1790 1746 Hic
1802 1698 1916 1748 olim
1937 1699 2234 1760 Tyr-rhomae
2250 1701 2425 1764 pulsus
2452 1703 2516 1750 ab

1492 1795 1597 1828 ora.
1637 1774 1805 1828 Huds.
1851 1788 1902 1828 et
1938 1774 2181 1829 Withof.
2231 1778 2521 1831 emendant

1491 1857 1810 1928 Pyr-rhenide.
1842 1853 1992 1906 Nihil
2031 1855 2222 1908 certius
2272 1875 2384 1910 esse
2423 1857 2520 1910 do·

1491 1945 1614 1988 cent
1641 1934 1858 2007 Dionys.
1880 1953 1931 1988 v,
1959 1935 2091 2002 698:
2108 1934 2172 1986 Οἵ
2189 1954 2309 1988 ποτε
2333 1937 2518 2009 Πυῤῥῆ-

1490 2017 1621 2070 *moes
1648 2015 1724 2066 ἐπ’
1749 2012 1963 2069 ἀντολὶην
1992 2011 2217 2082 ἀφῖκοντο
2235 2054 2250 2077 ,
2275 2028 2330 2068 et
2355 2015 2520 2070 Prisc.

1492 2112 1548 2146 v.
1573 2094 1710 2146 680:
1732 2091 2066 2165 «pyrrhenes
2085 2093 2357 2165 quondam
2378 2096 2521 2149 celso

1492 2171 1584 2242 qui
1637 2182 1818 2224 monte
1863 2170 2047 2224 relicto
2060 2197 2105 2225 ι.
2147 2179 2332 2237 &rene
2375 2175 2522 2228 enim

1491 2249 1710 2322 ponitur
1743 2269 1844 2321 pro
1883 2249 2138 2321 Hispania
2180 2251 2250 2304 ad
2277 2253 2519 2326 Pyrenen

1490 2329 1681 2403 posita.
1722 2327 1878 2382 Silius
1893 2329 2055 2394 ‚XVI
2072 2367 2088 2393 ,
2112 2337 2241 2402 247:
2267 2358 2289 2379 ι
2309 2331 2523 2387 domitis

1492 2410 1722 2481 Pyrenes
1765 2409 2087 2481 gentibus-3
2131 2422 2180 2463 et
2227 2428 2361 2483 279:
2391 2433 2522 2466 ava·
2611 2460 2618 2468 ,

1492 2489 1708 2561 riosque
1732 2488 1949 2541 subacta
1980 2487 2186 2561 Pyrene
2209 2491 2396 2545 Emisit
2419 2512 2520 2565 po-

1490 2568 1711 2641 pulosn.
1733 2566 2010 2623 claudian.
2039 2568 2266 2641 Eutrop.
2295 2572 2346 2635 1,
2378 2576 2516 2636 406:

1493 2671 1518 2690 α
1532 2645 1854 2703 Teutonicus
1873 2664 2055 2699 vomer
2073 2646 2418 2722 Pyrenoeiquc
2435 2655 2522 2724 ju·

1495 2726 1645 2795 vcnci
1683 2724 1950 2778 Sudavere
1983 2737 2162 2780 metu:
2184 2740 2384 2799 segetes
2421 2732 2524 2783 mi-

1491 2816 1680 2857 rantur
1715 2804 1896 2856 lberas
1933 2804 2137 2856 Horrea
2159 2830 2200 2857 ι.
2227 2807 2302 2857 Ut
2343 2820 2520 2863 autem

1492 2882 1780 2955 Dionysius
1821 2882 2114 2953 Πυῤῥῆνηθιν
2157 2883 2405 2948 Hiberos,
2445 2889 2521 2941 sic

1492 2962 1737 3035 Pelasgos
1776 2962 1940 3014 Italiae
1977 2962 2268 3019 Κυλλήνηθεν
2308 2965 2524 3020 deducit

1490 3063 1540 3097 v.
1561 3044 1664 3108 348
1683 3061 1698 3095 ε
1717 3042 1782 3095 Oi
1795 3062 1914 3094 ποτε
1939 3042 2231 3098 Κυλλήνῃθεν
2266 3046 2340 3113 ἐφ’
2367 3036 2522 3099 Εσπε-

1497 3124 1594 3197 ρῖην
1620 3124 1718 3176 ἅλα.
1747 3122 1915 3188 βάντες
1933 3161 1947 3185 ,
1971 3138 2091 3194 quae
2119 3122 2312 3177 Noster
2337 3124 2412 3178 sic
2438 3144 2524 3179 ex-

1495 3202 1681 3277 pressit
1707 3222 1756 3255 v.
1780 3208 1879 3270 1591
1903 3219 1917 3253 τ
1942 3199 2116 3253 «Inde
2159 3202 2376 3273 Pelasga
2415 3223 2528 3259 ma.

1496 3302 1626 3350 nus,
1668 3282 1908 3355 Cyllenae
1959 3280 2154 3331 finibus
2209 3281 2339 3334 olim
2391 3284 2524 3350 Quae

1495 3364 1628 3438 petit
1662 3361 1906 3431 Hesperii
1950 3360 2081 3411 freta
2125 3360 2342 3432 gurgitis
2364 3387 2404 3416 ι,
2445 3366 2525 3419 Ne

1498 3442 1620 3515 quis
1645 3451 1822 3493 autem
1847 3438 2126 3509 scrupulus
2152 3442 2379 3512 supersit
2397 3480 2412 3505 ‚
2434 3443 2529 3497 nd-

1496 3524 1655 3575 firmo
1679 3520 1756 3573 sic
1782 3536 1892 3570 esse
1929 3518 1986 3569 in
2023 3517 2187 3572 Ortel.
2210 3518 2525 3575 Somno.-

1504 3602 1802 3669 :lyr-thaniae
1844 3615 2028 3649 ornnes
2075 3612 2292 3652 vetustae
2310 3642 2326 3666 ,
2376 3604 2524 3675 quod

1498 3698 1665 3755 quum
1684 3689 1862 3750 aperte
1879 3677 2072 3729 falsum
2089 3677 2172 3745 sit,
2178 3677 2288 3750 jam
2308 3682 2524 3737 Camers

1502 3760 1570 3814 ad
1597 3758 1757 3811 Prisc.
1783 3759 1887 3810 680
1910 3757 2252 3811 certissimam
2275 3762 2524 3816 emenda-

1500 3840 1697 3893 tionem
1720 3836 1869 3891 dedit
1892 3840 2316 3907 Pyreni‘depulsus
2332 3846 2396 3892 ab
2411 3862 2521 3895 ora.

1496 3920 1565 3971 Et
1609 3918 1928 3971 recentiores
1977 3917 2266 3972 Hudsonus
2282 3959 2298 3985 ,
2333 3921 2519 3976 With.

1496 3995 1822 4052 Schrader-us
1840 3996 1980 4050 idem
1995 3998 2352 4053 viderunt.Sic
2366 4002 2524 4054 etiam

1501 4077 1556 4128 in
1607 4074 1724 4129 cod.
1771 4076 1936 4129 Ortel.
1981 4076 2176 4131 lectum
2225 4090 2317 4131 est.
2360 4078 2528 4130 Porro
