2996 4685
534 405 667 476 502
1282 407 1814 473 EXCURSUS
1865 407 1896 471 Ι

532 531 861 615 utrimque
900 527 1091 590 ramis
1128 527 1324 606 lauri,
1358 527 1461 590 illa
1494 549 1601 589 ara
1634 525 1762 590 divi
1799 525 2072 614 Augusti
2109 546 2244 587 esse
2279 523 2576 606 videtur,
2621 550 2658 589 a

536 652 669 716 quo
702 629 916 692 omnia
948 626 1115 692 Iuba
1144 628 1417 714 accepit,
1466 644 1530 690 et
1559 627 1704 691 duae
1731 628 1894 690 lauri
1927 626 2172 716 Sponio
2203 624 2509 689 videntur
2547 650 2656 690 re-

530 728 697 793 ferre
747 729 959 792 lauros
1008 727 1324 792 Caesar-uin
1371 729 1731 809 janitrices,
1801 749 1944 815 quse
2009 727 2258 791 foribus
2316 727 2657 791 adstabant

530 828 763 916 palatii.
794 825 937 892 vid.
967 827 1160 892 Ovid.
1187 829 1445 892 Metam.
1472 829 1504 890 Ι
1523 876 1542 909 ,
1571 827 1694 893 562
1717 876 1734 910 ,
1757 843 1824 892 et
1850 851 1994 916 quae
2017 829 2154 917 ipse
2181 845 2654 894 commentatus

533 951 679 993 sum
736 930 1030 994 Excursu
1073 929 1169 993 ΙΙΙ
1224 929 1305 992 ad
1360 930 1662 1017 Calpurn.
1703 930 1836 995 Ecl.
1883 929 1974 993 IV
2007 930 2249 1016 (hujus
2294 946 2494 995 nostr.
2542 953 2651 1018 op-

532 1047 692 1094 tom.
729 1032 794 1113 I,
827 1047 991 1118 part.
1028 1033 1093 1112 Ι,
1126 1053 1267 1120 pag.
1295 1035 1443 1117 470.
1472 1031 1622 1118 En.)

621 1131 759 1195 Jam
798 1132 878 1195 de
912 1133 1327 1196 Duumviratu
1362 1131 1729 1220 reipublicae
1765 1131 2093 1196 Gaditanae
2137 1131 2486 1196 videndum
2521 1145 2655 1211 est,

535 1255 731 1319 quem
759 1256 794 1296 a
825 1233 989 1297 Juba
1021 1255 1171 1322 rege
1197 1249 1448 1321 gestum
1472 1233 1772 1320 perhibet
1793 1233 2101 1296 Avienus.
2126 1231 2203 1296 Id
2229 1229 2490 1319 quidem
2515 1251 2656 1292 non

534 1335 659 1398 alio
686 1335 1011 1422 scriptoris
1038 1335 1267 1399 veteris
1299 1333 1671 1398 testimonio
1697 1348 1982 1413 constat,
2010 1347 2223 1420 potest
2245 1347 2456 1394 tamen
2492 1351 2656 1394 con·

533 1436 942 1500 venientibus
960 1436 1347 1524 quibusdam
1367 1437 1504 1500 aliis
1519 1436 1960 1499 monumentis
1977 1435 2299 1498 illustrari.
2313 1435 2416 1496 An
2431 1455 2658 1497 verum

535 1559 741 1624 usque
768 1537 878 1619 sit,
906 1539 938 1599 J
942 1537 1135 1601 ubam
1160 1537 1553 1601 illustriorem
1585 1559 1646 1599 se
1678 1536 1844 1599 urbis
1869 1539 2042 1599 estius
2069 1535 2499 1598 Duumviratu
2521 1553 2660 1596 om-

532 1637 791 1721 dedisse,
826 1639 1127 1726 equidem
1158 1661 1289 1702 non
1318 1636 1784 1725 pertenderim,
1821 1637 1889 1700 id
1923 1638 2149 1702 saltem
2181 1658 2303 1723 pro
2335 1650 2510 1699 certo
2535 1633 2662 1697 ha-

534 1740 753 1822 beam,
782 1764 901 1829 pro
926 1764 1161 1830 magno
1186 1739 1651 1805 Gaditanorum
1669 1788 1686 1822 ,
1713 1763 1964 1827 suoque
1987 1739 2220 1826 ipsius,
2254 1738 2322 1800 in
2345 1739 2661 1800 Caesarem

534 1845 901 1932 Augustum
938 1840 1186 1919 studio,
1213 1857 1408 1928 atque
1438 1841 1521 1904 ad
1551 1839 1860 1904 tuendam
1888 1840 2086 1925 hujus
2115 1839 2182 1902 in
2216 1836 2470 1927 populis
2501 1836 2659 1900 His-

535 1945 740 2030 paniae
802 1959 1177 2032 potestatem
1195 1994 1213 2027 ,
1278 1946 1567 2009 oblatum
1623 1944 2084 2008 Duumviratus
2144 1943 2462 2006 honorem
2516 1962 2663 2004 non

540 2045 819 2122 Gadium
839 2044 1067 2129 mod0,
1087 2045 1199 2110 sed
1217 2062 1281 2111 et
1297 2047 1584 2135 plurium
1607 2047 1934 2111 civitatum
1963 2045 2282 2133 Hispaniae
2305 2044 2666 2131 suscepisse

540 2146 847 2228 libenter,
889 2164 1271 2235 gratumque
1302 2148 1625 2214 habuisse.
1665 2149 1820 2212 Erat
1847 2147 2022 2211 enim
2054 2147 2214 2211 urbs
2247 2145 2556 2210 Gaditana
2589 2145 2664 2208 in

544 2247 768 2333 primis
788 2247 1039 2314 addicta
1059 2249 1289 2312 Caesari
1309 2296 1326 2329 ‚
1346 2249 1527 2335 quod
1548 2273 1585 2313 a
1606 2251 1776 2313 Julio
1793 2253 2064 2331 Caesare,
2086 2265 2306 2337 pacata
2329 2247 2634 2336 Hispania
2649 2296 2668 2323 ,

546 2348 866 2411 civitatem
900 2350 1255 2412 Romanam
1296 2368 1663 2439 acceperat,
1701 2366 1864 2417 teste
1893 2350 2103 2414 Dione
2137 2352 2308 2415 Cass.
2337 2350 2448 2414 lib.
2483 2348 2668 2429 XLI,

544 2463 609 2510 et
642 2465 981 2537 propterea
1020 2452 1321 2536 Augusta
1357 2452 1500 2515 urbs
1537 2452 1711 2517 Iulia
1761 2450 2087 2517 Gaditana
2132 2450 2446 2540 adpellata
2489 2448 2671 2537 (Pli-

546 2548 727 2630 nius,
760 2550 874 2631 IV,
913 2572 992 2614 22
1012 2550 1073 2630 )’,
1107 2567 1371 2641 propter
1394 2574 1550 2642 opes
1579 2570 1798 2618 autem
1827 2554 2063 2641 insigni
2093 2552 2392 2639 praesidio
2421 2551 2512 2614 rei
2533 2550 2670 2613 Ro-

548 2673 751 2715 manae
785 2674 923 2717 esse
952 2670 1221 2741 poterat.
1260 2654 1404 2718 Mos
1444 2672 1610 2737 erat,
1649 2670 1726 2719 ut
1750 2669 1972 2745 gentes
2012 2670 2076 2718 et
2110 2654 2398 2719 civitates
2437 2667 2670 2717 extem

544 2753 713 2817 viros
740 2776 777 2819 e
802 2756 1109 2819 Romanis
1146 2756 1457 2837 illustres,
1492 2756 1606 2844 qui
1641 2779 1745 2821 eas
1777 2758 2063 2844 primum
2099 2756 2192 2821 rei
2223 2756 2525 2819 Romame
2551 2753 2672 2817 ad-

541 2854 873 2938 jecissent,
920 2875 1032 2922 aut
1087 2858 1341 2921 civitate
1400 2858 1693 2921 Romana
1749 2856 2132 2938 donassent,
2183 2872 2492 2943 patronos
2543 2852 2672 2917 sibi

548 2956 944 3046 adoptarent.
996 2960 1155 3025 Eam
1208 2959 1294 3023 ob
1344 2982 1633 3024 caussam
1681 2958 1983 3023 Gaditani
2031 2979 2340 3048 generum
2400 2954 2670 3019 Caesaris

550 3060 821 3148 Augusti
852 3059 943 3123 M.
971 3061 1319 3149 Agrippam
1354 3060 1710 3123 Patronum
1737 3082 1931 3123 suum
1959 3075 2454 3148 nuncuparunt,
2483 3054 2672 3143 quod

551 3158 811 3248 plurimi
848 3158 1315 3225 Gaditanorum
1346 3162 1603 3225 nummi
1635 3176 1974 3242 testantur,
2010 3162 2079 3225 in
2115 3160 2354 3248 quibus
2386 3158 2672 3248 Agrippa

554 3260 1009 3327 PATRONUS
1039 3262 1139 3325 vel
1170 3262 1451 3326 PAREN
1453 3262 1496 3327 S
1523 3262 1864 3351 Municipii
1893 3262 2104 3326 Gadit.
2136 3276 2422 3326 vocatur.
2450 3259 2674 3348 Agrip-

552 3385 633 3450 pa
666 3361 1009 3429 demortuo
1042 3366 1227 3429 forte
1248 3362 1580 3446 Gaditani,
1623 3379 1699 3429 ut
1747 3365 1812 3427 in
1847 3363 2072 3428 eadem
2111 3361 2346 3428 domus
2377 3364 2672 3427 Caesareae

552 3464 753 3527 tutela
784 3479 1152 3546 manerent,
1184 3464 1416 3529 Iubam
1452 3488 1669 3554 regem
1707 3465 2184 3529 substituerunt
2213 3488 2229 3529 τ
2265 3486 2476 3551 neque
2507 3461 2674 3525 mihi

556 3562 828 3629 dubium
874 3581 1005 3644 est,
1046 3588 1252 3655 quum
1294 3568 1355 3631 ei
1391 3566 1854 3634 Duumviratus
1895 3566 2215 3631 honorem
2256 3565 2672 3646 detulissent,

556 3665 746 3731 simul
774 3666 1129 3731 Patr-onum
1154 3668 1421 3732 coloniae
1449 3691 1580 3732 suae
1599 3666 1979 3758 designasse.
2015 3670 2206 3735 Certe
2233 3684 2582 3754 utrumque
2607 3666 2674 3729 ei

559 3764 904 3855 contigisse
929 3768 995 3831 in
1016 3768 1133 3832 alia
1155 3768 1321 3832 urbe
1342 3768 1664 3857 Hispaniae
1689 3769 2038 3851 maritima,
2057 3769 2444 3857 Carthagine
2459 3768 2671 3850 Nova,

561 3864 956 3933 demonstrat
985 3868 1142 3957 lapis
1164 3870 1469 3958 antiquus
1500 3892 1573 3935 ea
1599 3870 1668 3935 in
1693 3871 1860 3944 urbe
1883 3886 2174 3960 repertus
2191 3919 2210 3952 ,
2237 3871 2422 3950 cujus
2443 3869 2676 3934 inscri-

560 3966 849 4133 ptionem
874 3992 949 4033 ex
973 3969 1249 4037 Reinesii
1268 3970 1598 4060 Syntagm.
1623 3996 1687 4069 p.
1721 3972 1846 4059 329
1863 4020 1880 4054 ,
1907 3972 2054 4047 hic
2037 3990 2352 4061 mtegram
2377 3969 2676 4037 transcri-

606 4092 745 4133 am·
