2996 4685
476 389 616 475 340

1235 388 1316 453 R.
1374 388 1444 452 F.
1500 386 1851 453 AVIENI

567 510 788 581 Attica
829 532 962 601 qua
1003 504 1284 600 pulchro
1317 504 1515 574 tellus
1552 506 1926 601 pinguescit
1962 504 2189 591 Ilisso,

475 674 640 727 filium
662 710 677 735 ,
730 670 915 736 refert,
955 669 1048 740 qui
1097 666 1275 723 adhuc
1319 667 1500 722 adole·

469 771 622 807 scens
645 792 661 817 ,
725 769 886 823 opera
950 748 1152 802 Medea
1214 766 1454 803 noverca
1479 785 1496 811 ,

471 850 619 903 paene
645 848 852 883 veneno
889 828 1066 901 periit.
1103 828 1298 881 Narrat
1337 825 1496 881 Ovid.

471 912 597 963 Met.
617 910 757 973 VII,
781 915 883 973 404
907 926 1050 979 seqq.
1076 918 1128 960 et
1154 906 1424 961 Plutarch„
1444 905 1498 958 in

473 992 681 1043 Theseo
697 1029 712 1054 ‚
741 1007 785 1042 c.
821 1006 903 1041 υ.
933 988 1074 1041 Alios
1096 1000 1337 1041 auctores
1356 988 1498 1040 hanc

471 1070 526 1123 in
557 1088 670 1123 rem
697 1069 820 1121 citat
840 1068 1078 1140 Heynius
1096 1070 1164 1121 V.
1191 1067 1253 1121 C.
1286 1079 1398 1120 not.
1429 1064 1503 1118 sd

471 1146 716 1222 Apollod.
750 1146 846 1199 lib.
877 1146 902 1197 1
923 1183 940 1209 ,
977 1164 1092 1217 cup.
1123 1163 1156 1215 9
1177 1184 1193 1209 ‚
1229 1164 1350 1219 pag.
1379 1144 1497 1209 234.

476 1226 705 1281 Videtur
731 1224 947 1297 quidem
974 1226 1201 1277 Avienus
1233 1224 1466 1278 fabulum
1481 1261 1497 1287 ,

472 1326 632 1381 quam
657 1304 940 1377 Dionysius
959 1303 1203 1376 respicit,
1239 1322 1352 1357 nou
1375 1304 1501 1357 sutis

472 1389 706 1459 cepisse,
731 1386 881 1439 aliter
903 1384 1085 1457 paullo
1113 1384 1408 1455 expressius
1431 1382 1502 1436 de

472 1485 530 1520 re
558 1467 807 1538 loquutus
831 1476 1000 1528 esset>;
1033 1476 1086 1516 st
1112 1464 1206 1535 qui
1242 1464 1503 1515 Avieuum

475 1564 507 1599 e
542 1545 716 1597 sabula
743 1544 1016 1597 tritissima
1046 1541 1114 1595 de
1135 1543 1278 1614 regia
1305 1543 1504 1595 Creon·

473 1624 540 1678 tis
555 1662 573 1689 ‚
599 1624 815 1695 magicis
842 1622 1043 1676 Medea
1073 1622 1272 1676 artibus
1299 1639 1504 1675 crema·

472 1716 524 1757 ta
550 1742 566 1768 ,
601 1702 938 1774 interpretari
972 1703 1258 1756 voluerunt
1282 1738 1298 1765 ,
1338 1700 1505 1773 ipsius

474 1782 664 1837 Avieni
687 1782 852 1835 verba
873 1799 981 1834 uon
999 1780 1124 1833 satis
1141 1780 1504 1852 inspexerunt,

481 1862 684 1915 Versus
703 1860 892 1913 Avieni
916 1860 1062 1912 hunc
1093 1858 1334 1931 Dionysii
1369 1866 1507 1923 1024

477 1940 655 1995 reddit
678 1959 692 1995 ε
719 1940 944 2011 Φάρμακ’
969 1937 1177 2009 ἐμήσατο
1197 1936 1356 2012 λυγρὰ
1377 1938 1505 2012 γόνῳ

480 2017 818 2075 Πανδιονίδαο.
841 2020 1062 2071 Venena
1093 2038 1124 2070 a
1145 2016 1333 2071 Medea
1357 2036 1505 2071 com-

477 2110 662 2172 parata
708 2117 817 2152 esse
863 2094 1022 2161 dicit,
1049 2097 1176 2151 hinc
1215 2097 1268 2151 iu
1309 2098 1509 2151 Avieno

479 2177 764 2251 legendum
787 2180 932 2228 letum
959 2191 1304 2245 componeret.-
1337 2176 1509 2230 filium

479 2254 824 2311 Pandionidae
853 2255 1118 2320 nominat;
1157 2268 1317 2329 atque
1353 2256 1398 2307 is
1434 2266 1511 2308 est

479 2336 718 2391 Theseus
737 2373 752 2398 ,
773 2332 912 2386 filius
933 2334 1222 2406 AEgoei‚qui
1245 2347 1353 2388 erat
1375 2330 1511 2387 Pun-

483 2415 673 2468 dionis.
715 2417 978 2480 Avienus,
1010 2413 1103 2484 qui
1139 2419 1346 2466 tantu'm
1389 2419 1513 2465 Pan-

483 2496 645 2546 dionis
668 2497 836 2544 aulam
857 2491 1100 2543 nominat
1119 2528 1135 2554 ,
1187 2508 1299 2544 rem
1326 2492 1513 2545 obscu-

479 2572 592 2627 rius
635 2569 970 2643 significavit.
1008 2573 1256 2622 Prodicum
1295 2571 1511 2623 demum

481 2651 728 2706 Medeam
755 2647 977 2702 Ovidius
1001 2661 1052 2702 et
1071 2648 1382 2702 Plutarchus
1406 2649 1514 2703 clu-

482 2732 597 2786 rius
632 2739 928 2802 exponunt,
973 2743 1142 2802 quum
1183 2741 1515 2795 memorant,

485 2823 692 2884 patrem
752 2809 993 2879 AEgaeum
1014 2845 1030 2870 ‚
1084 2825 1248 2880 quum
1299 2807 1511 2861 Theseo

402 2939 420 2950 „
485 2891 700 2960 ignarus
719 2887 971 2958 poculum
991 2899 1309 2939 venenatum
1333 2905 1515 2957 porre-

487 2967 648 3020 xisset
666 3003 682 3028 ,
727 2983 757 3017 c
792 2965 976 3036 signo,
1022 2963 1168 3036 quod
1211 2965 1266 3016 in
1318 2964 1513 3038 capulo

487 3044 650 3118 gladii
675 3047 789 3117 ejus
825 3055 962 3109 erat,
1005 3046 1314 3115 cognovisse
1341 3043 1513 3096 filium

486 3143 660 3179 suum.
681 3127 868 3191 Fugam
892 3121 1122 3192 denique
1148 3124 1370 3175 celerem
1396 3123 1513 3176 Me-

489 3204 602 3258 dea
646 3203 917 3274 subjungit
953 3201 1210 3264 Ovidius,
1257 3219 1332 3254 vs.
1369 3201 1470 3264 425
1495 3219 1511 3252 :

487 3310 515 3330 α
536 3281 741 3354 Effugit
781 3281 868 3334 illa
915 3299 1100 3334 necem
1121 3316 1137 3343 ,
1174 3279 1382 3333 nebulis
1419 3297 1516 3351 per

489 3363 722 3416 carmina
749 3361 905 3414 motis
933 3385 977 3411 n.
1015 3359 1284 3425 lustinus,
1307 3359 1401 3412 lib.
1429 3359 1516 3425 11,

491 3460 610 3512 cap.
633 3445 696 3507 6,
735 3439 1026 3512 simplicius
1071 3451 1361 3503 memorat,
1396 3439 1514 3492 Me·

489 3519 644 3573 dcam
672 3537 770 3591 per
794 3517 1082 3574 divortium
1115 3519 1186 3571 ab
1212 3521 1387 3590 AEgoeo
1408 3516 1515 3570 dis·

491 3599 736 3665 cessisse,
773 3612 989 3670 propter
1017 3597 1252 3652 adultam
1287 3597 1513 3670 privigni

491 3689 696 3730 {etatem
713 3715 729 3740 ,
757 3689 807 3729 et
833 3676 1060 3730 Colchos
1095 3696 1219 3731 cum
1245 3676 1424 3729 Medio
1447 3676 1513 3729 fi-

491 3757 588 3821 lio,
613 3775 678 3808 ex
696 3759 875 3826 AEgoeo
901 3767 1161 3828 suscepto,
1178 3757 1513 3810 concessisse.

493 3833 594 3888 W.
621 3863 692 3874 -
715 3839 880 3885 Letum
913 3851 1218 3901 componeret
1240 3839 1384 3889 aulae.
1425 3841 1515 3886 Le-

493 3925 592 3962 tum
613 3929 896 3979 componere
917 3912 1118 3965 Avieno
1143 3912 1282 3966 idem
1306 3925 1382 3967 est
1405 3951 1421 3976 ‚
1450 3931 1515 3966 sc

495 3989 640 4061 quod
671 3988 868 4042 Ovidio
901 3994 1046 4042 letum
1087 3994 1247 4043 moliri
1251 4031 1267 4052 ,
1301 3993 1390 4047 vel
1417 4011 1513 4060 pa-

495 4087 640 4130 rare,
669 4069 798 4120 Met.
823 4068 920 4132 lv,
942 4071 1067 4134 46η
1109 4063 1189 4120 lb.
1219 4089 1266 4122 v.
1297 4070 1421 4141 357,
1463 4079 1515 4120 et

494 4147 608 4200 aliis
634 4165 922 4216 comparare
945 4165 1132 4200 necem.
1169 4145 1370 4200 Eodem
1404 4165 1519 4202 vet·-

1584 670 1653 722 bo
1682 670 1853 723 Latini
1893 670 1960 723 de
1986 669 2245 724 similibus
2279 680 2522 735 utuntur,
2556 682 2613 722 ut

1583 768 1874 818 componere
1888 753 2124 810 insidiens,
2141 752 2392 816 fraudes,
2418 754 2618 801 menda-

1586 831 1690 891 cia,
1724 830 1875 901 eujus
1932 830 2137 901 generis
2173 829 2329 900 plura
2372 828 2613 900 exempla

1587 908 1839 981 produxit
1865 908 2199 962 Brouckhus.
2220 906 2288 961 ad
2307 908 2425 959 Tib.
2459 908 2518 974 1,
2562 925 2612 976 7,

1590 999 1637 1056 4.
1678 988 1778 1043 W.
1818 1018 1887 1028 -
1931 992 2047 1039 Hoee
2071 1006 2218 1057 quum
2245 988 2517 1040 Pandionis
2551 990 2618 1039 Ie-

1587 1084 1715 1121 etum
1762 1081 2073 1136 coneponemt
2118 1071 2253 1119 auloe
2275 1088 2298 1117 .-
2351 1066 2429 1119 sic
2476 1064 2615 1119 Pith.

1588 1166 1713 1203 cum
1744 1146 1885 1200 Ven.
1926 1151 2091 1199 Ioetum
2139 1160 2447 1213 componeret
2482 1149 2615 1197 auIoe

1588 1227 1751 1297 Cusp.
1770 1226 1959 1279 melius
1986 1230 2130 1277 letum
2162 1240 2472 1294 componet-ee
2488 1229 2617 1277 aula.-

1590 1304 1733 1359 vad.
1763 1308 1939 1358 lethum
1964 1304 2080 1357 cod.
2101 1304 2218 1357 Ort.
2244 1304 2319 1357 Ut
2342 1302 2575 1357 Pithoeus
2595 1344 2612 1368 ,

1578 1384 1753 1439 edidit
1778 1384 2019 1439 Budson.
2047 1383 2140 1437 scd
2179 1381 2459 1455 distinguit
2496 1395 2617 1455 post

1587 1480 1922 1535 componeret,
1952 1478 2006 1518 et
2038 1467 2172 1515 auloe
2204 1482 2329 1517 cum
2369 1474 2619 1535 sequente

1588 1546 1813 1596 Pmdiaer
1860 1542 2150 1616 conjungit.
2198 1540 2348 1595 Idem
2398 1560 2524 1594 vcro
2564 1541 2617 1593 in

1588 1624 1727 1677 notis
1754 1625 1881 1696 -conj
1888 1623 2015 1676 icit:
2059 1642 2206 1691 quum
2242 1623 2511 1673 Pandionis
2550 1635 2622 1673 te-

1588 1719 1717 1755 ctum
1761 1706 2063 1754 combureret
2101 1706 2260 1768 atiloe,
2292 1704 2485 1761 Attica,
2516 1713 2619 1752 etc.

1590 1786 1846 1843 Prodimr,
1880 1782 2031 1849 inque
2040 1783 2229 1849 sugam
2251 1798 2456 1848 propere
2476 1798 2621 1847 quum

1592 1862 1799 1914 vertitur
1824 1864 1973 1913 exsul
1992 1880 2012 1911 .·
2054 1859 2155 1913 nisi
2186 1858 2305 1931 quis
2326 1858 2431 1909 hoc
2464 1856 2623 1910 modo

1592 1938 1777 1993 malit:
1818 1945 1937 1991 Hoee
1976 1942 2091 1990 dum
2134 1938 2405 1989 Pandionis
2448 1941 2623 1989 lectum

1592 2032 1931 2088 componeret,
1961 2022 2120 2078 auloe,
2150 2017 2342 2077 Attica,
2378 2026 2475 2069 etc.
2504 2020 2624 2066 Pm-

1593 2100 1746 2157 dae‘tur,
1777 2101 1927 2165 inque
1936 2096 2127 2165 fugam
2156 2114 2363 2163 propere
2387 2096 2625 2146 converti·-

1595 2192 1675 2229 την·
1694 2180 1856 2228 exsul.
1875 2174 2135 2227 Pretereu
2150 2172 2357 2226 Oddius
2376 2193 2389 2226 :
2414 2176 2627 2224 Pandio-

1596 2259 1673 2309 m’s
1698 2262 1871 2309 lectum
1900 2267 2213 2322 componeret
2232 2258 2350 2306 aula
2365 2292 2379 2314 ,
2404 2264 2457 2305 et
2485 2268 2627 2329 que-

1596 2337 1667 2390 rit
1688 2357 1699 2391 :
1726 2337 1807 2389 An
1832 2336 2101 2387 Pandionis
2122 2336 2299 2387 lechum
2318 2349 2633 2401 componeret

1598 2421 1776 2468 auloes’
1818 2416 1983 2468 Janus
2036 2413 2235 2466 Vlitius
2293 2411 2361 2466 sd
2418 2413 2630 2465 Nemes·

1601 2495 1741 2567 Cyn.
1774 2495 1839 2558 43
1874 2491 2017 2546 idem
2047 2491 2213 2556 illud,
2239 2491 2387 2564 quod
2418 2489 2629 2544 Hudso·

1602 2594 1704 2628 nus
1746 2575 1925 2646 priore
1966 2575 2082 2626 loco
2102 2613 2116 2639 ,
2144 2573 2404 2646 conjecit,
2444 2587 2621 2624 tectum

1599 2658 1912 2714 combureret,
1936 2665 2034 2706 etc.
2053 2650 2217 2705 Addit
2242 2652 2383 2705 idem
2410 2652 2631 2704 alteram

1600 2734 1738 2805 conj.
1768 2736 1913 2784 letum
1942 2747 2249 2800 componeret
2280 2735 2429 2786 auloe.
2468 2731 2632 2784 Deni-

1600 2830 1705 2884 que
1745 2811 1991 2864 Heinsius
2034 2809 2102 2864 ad
2144 2810 2304 2864 Ovid.
2346 2809 2473 2864 Her.
2504 2811 2588 2864 vl
2612 2851 2629 2874 ,

1605 2889 1703 2942 103
1732 2889 1807 2942 sic
1834 2891 1957 2962 legit
1985 2908 2000 2942 ε
2041 2915 2067 2934 α
2090 2889 2212 2943 Haec
2232 2885 2527 2944 Pandionia
2550 2909 2631 2942 se-

1600 2968 1722 3022 dem
1758 2988 1925 3041 quum
1964 2981 2185 3041 poneret
2228 2971 2422 3033 aula-3
2470 2981 2633 3042 utque

1602 3049 1673 3100 sic
1709 3046 1927 3118 quidem
1966 3059 2135 3101 metro
2170 3047 2458 3113 succurrit,
2483 3045 2631 3120 quod

1602 3129 1826 3178 Pandion
1872 3137 1923 3179 et
1967 3129 2269 3178 Pandionias
2314 3125 2460 3199 apud
2503 3126 2633 3179 anti·

1602 3223 1735 3278 quos
1766 3218 1965 3276 poetas,
1992 3205 2274 3278 ipsumque
2292 3205 2633 3280 Dionysium,

1600 3283 1763 3337 hebet
1782 3324 1797 3350 ,
1836 3296 1886 3336 et
1914 3285 2147 3337 Avienus
2178 3283 2437 3350 mutavit,
2464 3285 2633 3358 ipsius

1603 3381 1733 3416 vero
1760 3362 1863 3416 loci
1902 3361 2171 3417 sententie
2208 3362 2427 3416 minime
2452 3381 2634 3417 consu-

1602 3443 1681 3495 lit.
1708 3441 1842 3495 Nam
1871 3461 1989 3516 quae
2031 3443 2143 3495 hoc
2182 3453 2260 3496 est
2290 3443 2629 3496 consecutio:

1602 3523 1785 3589 Quum
1826 3521 2020 3575 Medea
2069 3521 2249 3576 sedem
2300 3534 2525 3594 poneret
2573 3521 2629 3574 in

1600 3601 1719 3654 aula
1774 3601 2069 3654 Pandionia
2098 3638 2115 3664 ,
2182 3599 2429 3673 proditur
2494 3601 2588 3654 ina
2606 3599 2635 3652 P

1602 3679 1761 3746 Quod
1800 3680 1940 3734 enim
1976 3679 2184 3752 prodita
2222 3697 2335 3733 esse
2361 3679 2558 3756 dicitur
2579 3690 2633 3732 et

1604 3759 1661 3810 in
1686 3759 1867 3829 fugam
1894 3775 2148 3812 conversa
2167 3800 2183 3825 ‚
2220 3759 2322 3812 hoc
2349 3755 2503 3812 docet
2522 3796 2538 3821 ,
2563 3757 2632 3811 de

1604 3839 1803 3890 scelere
1850 3838 2034 3910 aliquo
2054 3845 2065 3852 '
2086 3837 2285 3891 Medeae
2332 3851 2628 3890 sermonem

1606 3935 1731 3970 esse.
1765 3917 1917 3970 Hanc
1948 3917 2020 3969 ob
2064 3935 2301 3971 caussam
2340 3935 2518 3989 neque
2550 3913 2629 3968 illi

1602 3993 1879 4058 audiendi,
1900 3995 1994 4067 qui
2014 4000 2189 4048 lectum
2211 4009 2519 4065 componeret
2543 4013 2633 4046 au·

1603 4077 1655 4125 Ia
1678 4074 1859 4145 legunt
1882 4091 1895 4126 :
1926 4073 2132 4127 nullum
2157 4075 2299 4128 enim
2318 4075 2408 4127 hic
2430 4071 2629 4129 malefi-

1606 4151 1765 4204 cium.
1804 4152 1904 4204 Alii
1946 4171 2073 4207 vero
2094 4193 2112 4222 ,
2167 4153 2261 4226 qui
2299 4169 2420 4207 cum
2462 4151 2631 4206 vlitio
