2996 4685
812 380 1441 450 DESCRIPTIO
1495 379 1790 446 ORBIS
1841 379 2100 446 TERR
2118 379 2213 444 AE.

2432 375 2568 473 237

538 504 858 597 Erigitur,
893 502 1251 594 Cererique
1279 499 1536 568 Thasos
1573 497 1810 568 dilecta
1849 497 2186 593 profundo

540 614 834 684 Proserit
872 611 1126 681 albenti
1164 634 1235 678 se
1280 611 1564 678 vertice:
1615 609 1952 704 prominet
1989 611 2285 698 ImbruS‚

538 720 1337 816 Thressaque-consurgit
1374 731 1657 812 propter
1689 720 1961 788 Samus:
1997 717 2284 812 indeque
2311 742 2576 787 rursum

541 833 859 928 Cyclades
894 829 1224 900 accedunt
1267 829 1491 899 Asiam
1514 883 1534 912 ‚
1579 826 1958 921 Delumque
1992 844 2339 898 coronant.

546 949 805 1015 Omnes
847 941 1121 1012 fatidico
1160 955 1403 1009 curant
1442 939 1743 1008 solennia
1778 938 2084 1008 Phoebo..
2505 966 2578 1017 705

542 1059 718 1126 Nam
756 1077 964 1148 quum
1000 1077 1152 1120 vere
1187 1075 1363 1119 novo
1404 1047 1598 1118 tellus
1641 1073 1707 1116 se
1743 1047 1910 1116 dura
1949 1046 2228 1135 relaxat,

448 1267 501 1334 gi
542 1276 707 1316 semet
746 1261 799 1315 in
846 1261 1062 1314 aethram
1112 1261 1470 1325 Protollunt-;

451 1363 504 1396 v.
533 1345 671 1398 568:
702 1340 987 1394 «Pleiadas
1026 1339 1240 1394 femoris
1276 1339 1473 1412 pariter

448 1423 549 1474 sub
574 1421 681 1474 fine
706 1420 901 1474 sinistri
927 1421 1143 1472 Perseus
1167 1419 1405 1470 Protollit
1426 1443 1470 1468 n.

450 1501 621 1572 Atque
666 1499 793 1552 hinc
831 1511 977 1571 patet
998 1537 1015 1562 ,
1053 1497 1199 1570 quod
1241 1497 1473 1550 tribuen-

449 1579 581 1632 dum
610 1579 675 1630 sit
701 1577 913 1656 Heinsii
931 1579 1281 1648 conjectura,
1310 1591 1470 1647 quam

450 1669 701 1729 praterea
739 1675 825 1709 res
862 1657 971 1727 ipsa
1012 1656 1207 1709 refutat
1226 1691 1243 1716 ‚
1268 1668 1321 1707 et
1362 1653 1475 1726 epi·

452 1738 633 1792 theton
670 1734 1051 1809 Dionysianum
1080 1738 1305 1800 αἰπεινὴ,
1326 1732 1477 1806 qnod.

458 1817 621 1870 verbo
656 1819 917 1885 protollere
954 1814 1273 1886 exprimitur.
1304 1812 1472 1866 Scan.

454 1927 525 1936 —-
552 1897 800 1946 Vulcania
822 1899 1049 1944 Lamum.
1072 1891 1307 1947 Scribam
1338 1897 1473 1943 Lem-

454 1995 570 2034 nos,
588 1993 709 2046 quo
728 1972 885 2026 lectio
908 1985 989 2026 est
1005 1973 1191 2024 Ambr.
1210 1973 1275 2024 Et
1304 1975 1477 2023 Vulca-

457 2055 541 2106 m‘a
592 2060 795 2104 Lemnos
830 2051 989 2105 etiam
1026 2049 1223 2105 dicitur
1252 2049 1475 2112 Ovidio,

456 2133 671 2186 Metam.
706 2131 869 2193 xm,
898 2129 1019 2184 313.
1049 2132 1221 2184 Inus.
1246 2161 1319 2170 —-
1340 2130 1477 2183 Con-

452 2215 711 2284 jectnram
752 2211 953 2264 Heinsii
989 2212 1219 2278 Propellit
1233 2247 1251 2270 ‚
1306 2209 1437 2261 falso
1458 2247 1475 2272 ,

455 2305 514 2345 ut
542 2292 729 2364 saepius
745 2329 761 2356 ‚
782 2289 1077 2346 Schrader-o
1098 2287 1347 2342 adscribit
1366 2285 1480 2341 edi-

455 2385 539 2425 tor
573 2371 863 2426 Amstelod.

528 2470 649 2521 701.
670 2453 926 2518 Cererique
944 2453 1129 2501 Thasos
1146 2452 1327 2501 dilecta
1339 2486 1355 2514 ,
1374 2447 1409 2498 i.
1430 2465 1479 2500 e.

462 2532 713 2583 frumenti
750 2532 896 2583 ferax
912 2566 929 2593 ‚
962 2529 1097 2582 sicut
1138 2530 1328 2579 Bmmio
1361 2528 1481 2579 dile-

460 2625 565 2661 ctus
583 2629 712 2677 ager
736 2608 929 2663 dicitur
955 2606 1149 2673 Statio,
1167 2606 1293 2659 Silv.
1318 2606 1396 2671 11,
1427 2625 1479 2669 a,

374 2720 379 2724 ·
464 2695 512 2752 4.
539 2690 607 2741 Et
636 2689 757 2741 Sen.
784 2688 943 2740 Herc.
966 2687 1093 2740 OEt.
1126 2686 1293 2755 1874:
1331 2686 1483 2737 «Ma-

462 2784 567 2837 gno
602 2768 755 2820 tellus
782 2785 901 2819 cara
930 2765 1163 2817 Tonanti
1182 2788 1231 2827 n,
1264 2764 1340 2817 sic
1366 2763 1481 2835 qui-

464 2847 584 2901 dem
596 2866 657 2899 ex
670 2845 934 2899 emendat.
946 2844 1115 2899 Bentl.
1129 2854 1177 2897 et
1188 2864 1323 2898 mea.
1352 2846 1435 2897 In.

535 2944 654 2995 7⁰²·
672 2928 881 2977 &wer-ie
896 2927 1085 2977 albenti
1106 2944 1160 2975 se
1176 2927 1359 2976 vertice
1372 2945 1392 2984 ‚-
1410 2924 1483 2977 sic

464 3004 725 3057 dederunt
750 3004 891 3057 Pith.
922 3016 975 3057 et
1000 3001 1171 3056 Huds.
1204 3015 1345 3057 recte
1367 3003 1485 3073 qui-

462 3085 582 3138 dem
599 3125 617 3150 ,
644 3098 702 3137 nt
742 3086 954 3157 opinor.
993 3084 1178 3137 Paullo
1214 3084 1486 3137 molestius

464 3164 701 3217 scribunt
748 3177 800 3218 et
846 3163 1181 3233 distinguunt
1234 3164 1395 3235 Cusp.
1434 3173 1486 3215 et

466 3240 603 3294 Vad.
625 3267 647 3289 ι
666 3242 891 3295 Proser-it
922 3242 1189 3295 albescens
1230 3260 1259 3293 e
1292 3242 1487 3295 vertice

464 3320 733 3392 prominet
768 3321 979 3373 Imbrus
998 3346 1041 3373 a.
1085 3320 1327 3373 Fortasse
1360 3321 1487 3373 scri-

466 3402 594 3451 bere
617 3399 927 3461 voluerunt,
954 3400 1040 3451 vel
1065 3400 1317 3471 scriptum
1343 3400 1487 3452 inve·

468 3490 663 3531 nerunt
680 3500 709 3530 e
721 3480 912 3531 vortice
923 3518 939 3540 ,
952 3478 987 3531 i.
1004 3496 1053 3532 e.
1071 3479 1277 3550 gurgite
1288 3519 1303 3544 ,
1316 3496 1489 3551 oequo·

468 3576 563 3621 τις
595 3571 646 3611 et
676 3571 789 3612 tum
818 3561 1069 3609 albescens
1098 3569 1233 3612 esset
1256 3556 1399 3611 idem
1424 3576 1487 3611 ac

468 3657 751 3693 canescens
790 3640 1018 3710 spumis,
1056 3650 1116 3691 ut
1150 3658 1197 3690 v.
1235 3642 1373 3701 624,
1406 3638 1488 3691 vel

470 3738 775 3785 spumoso-ens
790 3738 841 3771 v.
870 3718 987 3771 185.
1010 3716 1114 3769 Sed
1136 3716 1359 3768 omnino
1375 3736 1488 3769 ma·

470 3797 551 3868 gis
610 3800 817 3869 placere
874 3796 1031 3850 debet
1074 3796 1229 3849 lectio
1274 3794 1453 3847 Pithoei
1468 3836 1486 3861 ,

474 3890 525 3929 et
560 3888 673 3929 tum
693 3876 870 3929 Thaso
892 3881 1063 3928 albens
1089 3889 1269 3927 ver-tea·
1302 3874 1485 3927 tribui-

474 3970 586 4018 tur,
607 3969 663 4008 ut
680 3957 1069 4028 insulaquaevis
1088 3956 1287 4015 lucere,
1299 3954 1487 4019 nitere,

474 4037 677 4109 fulgere
694 4073 708 4098 ,
734 4036 791 4087 h.
824 4054 868 4088 e.
895 4036 1099 4088 eminus
1124 4033 1379 4106 adparere
1406 4032 1487 4087 di-

472 4127 688 4178 cuntur,
712 4132 857 4167 mare
882 4126 1151 4185 tamquam
1184 4114 1345 4166 stelle
1385 4111 1491 4165 dis-

1561 1259 1876 1330 tinguentes.
1912 1258 2042 1312 vid.
2075 1269 2255 1313 notata
2291 1272 2468 1315 nostra
2509 1261 2580 1314 ad

1562 1339 1724 1392 Prisc.
1765 1340 1868 1394 508
1907 1351 1960 1392 et
1994 1339 2114 1392 550.
2151 1370 2219 1380 -
2246 1340 2311 1392 Et
2348 1340 2583 1410 adposite

1562 1419 1746 1472 Horat.
1776 1419 1954 1470 Carm.
1994 1419 2056 1484 1,
2095 1426 2156 1482 14
2189 1431 2320 1472 extr.
2359 1444 2382 1466 ι
2412 1420 2579 1474 Inter.-

1563 1500 1677 1552 fusa
1737 1499 1966 1552 nitentes
2013 1498 2163 1554 Vites
2212 1517 2428 1571 equora
2478 1502 2581 1572 Cy-

1561 1577 1740 1632 cladas
1781 1604 1823 1630 n.
1869 1577 1996 1632 En..
2032 1609 2104 1618 -—-
2154 1580 2290 1650 Apte
2332 1579 2403 1632 ad
2443 1580 2583 1634 hanc

1561 1657 1832 1710 notionem
1866 1659 2030 1710 verbo
2066 1660 2278 1710 Pmserit
2319 1677 2446 1712 usus
2483 1670 2583 1721 est,

1561 1757 1670 1811 quo
1696 1738 1822 1791 alias
1847 1738 2021 1789 lucem
2049 1736 2373 1790 exorientem
2405 1739 2579 1810 expri-

1563 1817 1694 1883 mit,
1726 1829 1785 1869 ut
1826 1836 1876 1870 v.
1922 1817 2058 1870 580:
2099 1817 2438 1870 «matutinus
2476 1837 2581 1889 qua

1563 1896 1738 1948 lucem
1776 1896 1999 1968 proserit
2025 1908 2170 1948 ortus
2193 1921 2233 1947 ι.
2261 1896 2584 1950 Schraderus

1565 1978 1751 2028 albenti
1770 1979 1954 2027 vertice
1970 1974 2237 2046 sigillatim
2261 1976 2332 2028 de
2353 1976 2485 2029 albis
2505 1995 2582 2029 sa·

1565 2053 1644 2106 xis
1697 2054 1971 2125 intelligit,
2007 2066 2062 2106 et
2105 2054 2311 2106 confert
2351 2073 2399 2106 v.
2445 2057 2583 2124 723:

1569 2159 1592 2178 ι
1611 2136 1784 2187 Leuce
1809 2153 1936 2187 cana
1968 2135 2158 2205 jugum
2175 2158 2217 2185 n.
2233 2132 2336 2186 Sed
2363 2134 2476 2187 haec
2503 2135 2585 2188 in-

1567 2213 1872 2286 terpretatio
1897 2212 2061 2284 ipsius
2087 2212 2314 2264 nominis
2341 2225 2416 2266 est
2429 2253 2444 2278 ‚
2457 2231 2588 2286 ‘que
2615 2283 2621 2290 ι

1567 2293 1624 2347 in
1651 2292 1887 2347 Thasum
1924 2309 2032 2345 non
2062 2291 2588 2347 convenit.—Promi-

1569 2388 1655 2427 nec
1690 2376 1894 2425 Imbrus.
1929 2370 2018 2423 Sic
2055 2370 2244 2425 Claud.
2288 2366 2440 2427 Bell.'
2461 2374 2583 2427 Get.

1569 2454 1704 2506 330:
1725 2478 1752 2497 οι
1767 2449 2004 2503 sublimis
2026 2451 2082 2503 in
2097 2452 2298 2504 Arcton
2318 2452 2591 2507 Prominet

1570 2531 1844 2603 Hercynia
1883 2529 2108 2583 confinis
2143 2530 2340 2585 Rhoetia
2376 2533 2522 2587 silvae
2538 2559 2585 2586 n.

1567 2611 2024 2665 Scene—Imbrum
2036 2609 2232 2663 ovidio
2239 2616 2422 2667 Imbria
2436 2629 2584 2677 terra,

1569 2688 1732 2741 Trist.
1760 2689 1805 2754 1,
1827 2707 1882 2757 9,
1909 2692 1989 2743 18.
2007 2690 2110 2743 W.

1643 2767 1766 2837 703.
1785 2771 1992 2819 Damna
2011 2774 2184 2821 Satoris
2198 2783 2272 2823 est
2291 2773 2594 2829 Samothra-

1572 2846 1682 2912 cia,
1705 2857 1757 2899 et
1799 2846 1903 2899 hoc
1944 2846 2152 2919 adjecto
2187 2846 2523 2922 distinguitur
2557 2864 2590 2909 ι’

1571 2932 1718 2977 Samo
1732 2929 1965 2997 Sperat-nia
1981 2964 1996 2986 ,
2015 2945 2068 2977 v.
2086 2944 2148 2995 71
2159 2927 2205 2980 3.
2221 2929 2422 2984 Diserte
2437 2934 2589 3007 virg.

1571 3009 1696 3059 AEn.
1719 3004 1848 3069 VII,
1878 3006 2009 3057 208:
2035 3030 2056 3053 ιι
2075 3004 2486 3081 Threiciamque
2497 3014 2590 3067 Sa-

1573 3104 1721 3137 mum
1741 3122 1758 3147 ,
1779 3102 1898 3155 quae
1933 3102 2076 3137 nunc
2099 3085 2455 3143 Samothracia
2488 3091 2592 3147 ser-

1575 3175 1661 3216 tur
1673 3190 1714 3217 a.
1731 3169 1882 3214 Tasus
1897 3183 1996 3236 pro
2009 3164 2242 3235 genuino
2251 3172 2423 3219 Samus
2439 3183 2514 3222 est
2536 3172 2590 3225 in

1576 3245 1715 3296 Ven.
1739 3256 1789 3296 et
1807 3244 1990 3295 Ambr.
2014 3244 2292 3313 repetitum
2317 3266 2347 3297 e
2369 3264 2418 3299 v.
2435 3266 2502 3317 7⁰
2513 3268 2554 3301 1.

1646 3329 1770 3393 704.
1813 3326 2051 3388 &clades
2099 3327 2342 3375 accedunt
2389 3330 2590 3393 Asiam,

1574 3407 1846 3470 Delumque
1877 3417 2136 3453 coronant.
2181 3401 2384 3475 Nempe
2431 3408 2593 3463 Deluz

1574 3482 1630 3534 in
1669 3479 1846 3533 medio
1877 3478 2186 3551 Cycladum.
2213 3480 2338 3536 Vid.
2369 3485 2588 3560 Dionys.

1575 3581 1627 3614 v.
1655 3560 1784 3626 5263
1807 3561 1983 3611 Amm.
2005 3559 2170 3612 Marc.
2194 3560 2287 3624 XX
2298 3564 2436 3631 [1,8;
2454 3567 2590 3625 Pliu.

1577 3641 1683 3705 lv,
1718 3657 1768 3705 1,
1799 3638 2090 3701 223801112.
2129 3657 2246 3711 cap.
2284 3659 2368 3709 11,
2401 3664 2452 3716 p.
2491 3667 2588 3717 ²²5

1577 3716 1822 3771 Bochart.
1837 3716 1974 3770 G.S.
1997 3716 2090 3769 lib.
2108 3718 2152 3783 1,
2168 3738 2278 3791 cap.
2301 3730 2384 3787 14,
2400 3743 2450 3795 p.
2472 3730 2590 3797 439.

1579 3798 1750 3851 scau.

1647 3876 1768 3945 705.
1799 3882 1977 3927 Omnes
1987 3878 2206 3943 fatidico
2238 3898 2415 3935 euram
2441 3892 2594 3940 solen-

1578 3958 1663 4007 m‘a
1685 3958 1871 4009 Pkoebo.
1900 3958 1978 4008 De
1999 3956 2102 4010 hoc
2125 3977 2280 4012 versu
2310 3975 2360 4014 et
2384 3964 2594 4022 duobus

1579 4053 1723 4106 seqq.
1757 4032 1866 4088 vid.
1900 4034 2160 4089 Excursus
2188 4038 2266 4091 vl
2297 4040 2364 4093 ad
2397 4046 2596 4099 calcem

1581 4112 1739 4183 hujus
1762 4113 2022 4166 carminis.
2047 4114 2150 4167 En.
