2996 4685
456 325 591 397 532
1163 323 1884 392 PRAEMONITIO

452 459 627 522 idem
672 456 857 545 quasi
896 476 976 517 ex
1015 451 1312 542 professo
1363 453 1648 537 fabulaS,
1686 456 1882 518 Arato
1919 469 2032 517 aut
2067 455 2256 542 plane
2297 455 2606 536 inmotas»,

450 580 563 628 aut
611 585 745 627 non
794 561 917 624 nisi
966 560 1167 625 verbo
1207 558 1597 650 indigitatas.
1658 560 1950 624 Omnino
1987 559 2360 650 diligentius
2405 563 2608 650 expli-

456 671 592 735 cuit
624 685 689 733 et
732 666 960 732 ditavit
990 665 1325 730 materiem
1368 667 1451 730 ab
1488 667 1688 730 Arato
1723 684 1790 730 et
1821 667 2210 732 Germanico
2244 683 2604 732 tractatam.

453 776 801 841 Consuluit
838 774 975 861 ipse
1005 760 1289 860 *quoque
1327 773 1678 862 scriptores
1728 773 2201 838 astronomicos
2252 789 2318 838 et
2359 773 2606 862 mythi-

455 906 598 964 cos3
636 881 876 945 diserte
906 881 1083 944 enim
1124 878 1412 943 laudavit
1444 878 1794 944 Eudoxum
1819 927 1837 960 ,
1870 879 2203 943 Metonem
2229 927 2247 960 ,
2290 879 2564 968 Mythen
2587 930 2604 960 ,

458 989 775 1078 Panyasin
824 1003 891 1052 et
930 987 1321 1075 Harpalum3
1376 985 1536 1050 adiit
1577 1002 1884 1074 praeterea
1936 1001 2479 1049 commentatores
2533 986 2602 1049 in

456 1099 723 1159 Aratum
757 1093 1014 1159 Graecos
1043 1108 1109 1156 et
1147 1092 1532 1179 interpretes
1568 1091 1857 1172 ejusdem
1897 1090 2194 1155 Latinos:
2228 1091 2415 1180 petiit
2439 1090 2608 1155 adeo

456 1201 773 1266 nonnulla
807 1197 889 1262 ad
919 1197 1287 1287 arg-umenti
1316 1196 1415 1260 sui
1450 1213 1761 1261 ornatum
1793 1220 1872 1260 ex
1911 1197 2332 1285 Philosophia
2363 1197 2608 1285 Pytha-

458 1328 651 1397 gorea
690 1322 756 1368 et
788 1300 1253 1384 Alexandrina,
1300 1325 1560 1367 necnon
1613 1325 1694 1366 ex
1729 1303 2154 1392 religionibus
2187 1303 2604 1392 AEgyptiacis.

458 1415 531 1476 ln
561 1412 849 1478 dictione
883 1410 1136 1498 poetica
1172 1432 1307 1473 non
1338 1408 1814 1498 comparandus
1842 1427 1940 1474 est
1965 1408 2232 1497 quidem
2259 1431 2410 1474 cum
2433 1409 2612 1474 Cice-

454 1543 619 1584 rone
661 1535 775 1583 aut
822 1517 1249 1598 Germanico;
1292 1517 1546 1580 excellit
1595 1533 1811 1580 tamen
1863 1515 2034 1580 inter
2085 1531 2308 1604 poetas
2344 1516 2608 1580 Latinos

456 1626 729 1690 seriores
768 1625 1051 1713 puritate
1087 1639 1152 1687 et
1190 1624 1507 1712 elegantia
1539 1622 1885 1701 sermonis.
1919 1623 2238 1688 Caeterum
2283 1622 2608 1686 minorem

456 1735 737 1798 fortunae
774 1730 1077 1810 injuriam
1114 1745 1375 1818 experta
1404 1745 1560 1792 sunt
1591 1729 1816 1794 Avieni
1844 1751 2042 1817 quam
2071 1728 2436 1794 Germanici
2467 1753 2611 1792 car·

460 1842 665 1919 mina;
692 1861 842 1902 nam
880 1837 983 1902 illa
1020 1859 1156 1901 non
1196 1836 1411 1900 solum
1444 1837 1696 1925 integra
1725 1852 2004 1917 servata,
2033 1835 2147 1900 sed
2170 1836 2362 1924 etiam
2389 1837 2610 1900 minus

456 1965 765 2038 corrupta
810 1963 988 2012 sunt.
1038 1945 1534 2010 Phaenomenon
1569 1944 1700 2010 hoc
1751 1961 2212 2033 argumentum
2263 1959 2378 2008 est.
2413 1943 2610 2008 [nitio

462 2057 659 2120 Poeta
698 2055 1007 2144 proefatur
1042 2054 1291 2117 Iovem.
1328 2049 1585 2116 Deinde
1615 2066 1958 2140 percenset
1987 2049 2266 2115 fixorum
2295 2073 2410 2114 seu
2444 2050 2614 2114 iner—

462 2163 745 2226 rantium
798 2159 1087 2224 siderum
1136 2156 1637 2246 dispositionem
1685 2157 1753 2218 in
1803 2172 1934 2220 tres
1977 2172 2191 2245 partes
2225 2179 2366 2222 eam
2403 2155 2614 2222 distri-

461 2270 714 2332 buens:
762 2287 998 2347 unam,
1034 2287 1180 2351 quae
1221 2263 1463 2328 arctico
1501 2261 1922 2328 concluditur
1957 2265 2238 2328 circulo:
2277 2287 2314 2329 e
2347 2263 2610 2353 reliquis

461 2397 617 2437 vero
639 2420 657 2453 ,
681 2373 947 2442 alteram
981 2371 1310 2451 Boreiam,
1348 2370 1616 2435 alteram
1651 2372 2050 2437 Austrinam.
2087 2371 2404 2437 Absoluta
2435 2372 2610 2435 iner-

462 2503 573 2543 ran
584 2478 747 2542 tium
771 2476 1199 2565 dispositione
1222 2476 1626 2541 mentionem
1659 2477 1814 2542 facit
1843 2479 2138 2567 quinque
2165 2480 2576 2543 Planetarum
2593 2526 2612 2559 ,

462 2601 795 2673 coaptatos
807 2584 1221 2673 singulorum
1232 2584 1423 2649 orbes
1439 2600 1696 2649 tantum
1708 2607 2098 2651 enumerans
2113 2609 2128 2649 :
2142 2585 2500 2677 pleniorem
2513 2606 2615 2649 eo-

464 2715 611 2759 rum
635 2690 1079 2774 traditionem,
1104 2708 1181 2757 ut
1197 2689 1656 2773 difficiliorem,
1680 2714 1814 2757 non
1835 2716 2032 2759 ausus
2053 2693 2400 2782 suscipere.
2427 2692 2613 2776 Qua-

466 2818 619 2865 tuor
631 2799 909 2865 circulos
929 2797 1207 2863 maxime
1228 2798 1623 2865 necessarios
1646 2796 1808 2864 dicit
1823 2848 1842 2881 ,
1871 2798 2041 2865 duos
2065 2801 2378 2891 tropicos,
2400 2822 2610 2864 unum

464 2922 859 2994 aequatorem
876 2952 895 2985 ,
948 2920 1255 2992 quartum
1307 2903 1669 2969 zodiacum.
1725 2904 1957 2969 Obiter
2017 2902 2236 2985 adjicit
2294 2905 2614 2969 circulum

466 3013 771 3077 lacteum.
805 3009 964 3074 Post
1006 3008 1147 3073 hoec
1192 3010 1602 3100 singulorum
1645 3026 1831 3075 ortus
1870 3027 1935 3075 et
1969 3033 2236 3075 occasus
2279 3010 2613 3091 edisserit,

465 3142 545 3185 eo
580 3116 782 3182 modo
811 3131 888 3180 ut
918 3116 1173 3205 singula
1206 3114 1453 3181 zodiaci
1481 3117 1664 3205 signa
1690 3134 2051 3200 recenseat,
2075 3140 2226 3183 cum
2262 3118 2387 3183 illis
2421 3118 2612 3182 simul

465 3224 741 3291 orientia
788 3239 855 3287 et
892 3220 1287 3303 occidentia,
1334 3221 1656 3310 incipiens
1692 3246 1728 3285 a
1763 3224 1995 3289 Cancri
2039 3240 2192 3289 ortu
2223 3224 2613 3313 vespertino.

466 3333 720 3399 Deinde
778 3345 1071 3397 recenset
1122 3328 1307 3419 signa
1354 3352 1393 3395 a
1445 3331 1604 3401 Jove
1655 3330 2128 3419 proficiscentis
2151 3380 2169 3415 ,
2221 3349 2302 3396 ut
2339 3348 2614 3411 vocant,

464 3441 927 3527 praemissoque
972 3436 1329 3526 prooemio,
1374 3437 1643 3526 exponit
1683 3437 1867 3529 signa
1902 3438 2300 3527 tempestatis
2339 3438 2618 3505 turbida·

466 3562 533 3609 et
568 3568 844 3627 serenae,
884 3543 1175 3632 primum
1224 3566 1369 3631 quae
1410 3542 1597 3611 Luna
1642 3542 1788 3627 dat,
1839 3544 2078 3611 deinde
2124 3568 2270 3634 quoe
2299 3546 2450 3629 Sol,
2493 3561 2618 3611 ter-

470 3652 559 3715 tio
594 3674 738 3738 quae
774 3649 956 3714 sidus
1000 3649 1182 3739 quod
1222 3650 1514 3739 Praesepe
1557 3651 1952 3717 nominatur.
2005 3652 2164 3717 Post
2197 3650 2392 3717 docet
2433 3652 2616 3743 signa

469 3780 613 3843 quae
666 3754 750 3819 ad
806 3755 1089 3845 pecudes
1142 3773 1209 3821 et
1250 3758 1604 3821 arationem
1653 3756 1983 3841 adtinent,
2031 3758 2366 3824 existentia
2402 3760 2471 3825 in
2509 3782 2619 3825 su-

468 3861 690 3941 blimi,
727 3862 794 3925 in
838 3878 1036 3943 terra,
1068 3864 1135 3925 in
1164 3861 1431 3951 plantis,
1460 3864 1528 3926 in
1565 3864 1985 3947 animalibus,
2019 3865 2272 3954 aliaque
2299 3866 2400 3930 his
2433 3867 2618 3932 simi-

466 3972 585 4049 lia3
616 3970 910 4061 quaedam
950 3971 1239 4061 graviora
1262 4021 1281 4053 ,
1314 3971 1612 4060 quaedam
1645 3974 1905 4039 leviora.
1940 3976 2114 4040 Bene
2153 3992 2374 4040 autem
2413 3976 2617 4041 nomi-

470 4082 645 4145 navit
694 4078 1173 4159 Phaenomena‚
1222 4078 1260 4140 i.
1314 4102 1370 4143 e.
1426 4077 1838 4167 adparentia,
1890 4082 2174 4169 primum
2223 4081 2374 4170 quia
2426 4080 2618 4147 tradit
