2996 4685
544 425 681 514 548

1291 435 1375 498 R.
1432 433 1506 497 F.
1559 433 1906 502 AVIENI

638 554 910 624 Parcius
946 554 1030 623 ab
1070 552 1341 622 domino
1376 567 1561 648 terga
1601 551 1923 648 explicat,
1949 551 2156 625 altera
2189 581 2392 652 porro

636 663 1007 750 Plurimus,
1042 687 1119 734 ac
1155 661 1368 732 multo
1404 687 1526 757 per
1562 662 1800 733 loevum
1835 662 2133 758 pondere
2170 663 2391 760 lapsus
2585 689 2664 734 2⁴⁵

633 775 987 860 Funditur,
1010 789 1079 842 et
1105 773 1307 842 rutilo
1342 797 1475 866 qna
1513 771 1630 840 lux
1663 771 1846 842 sedet
1881 773 2076 867 ignea
2118 790 2378 862 mento,

633 887 863 978 Usque
889 883 1254 954 Ariadnaeae
1282 907 1427 952 sese
1453 883 1676 951 vicina
1693 906 1974 952 =coronae
2227 895 2232 900 “

634 993 966 1064 Lubricus
1002 991 1297 1062 inclinat.
1328 995 1487 1062 Post
1522 993 1768 1085 spiram
1808 991 2082 1060 brachia
2117 993 2456 1086 quondam

634 1103 1015 1172 Formidata
1058 1103 1230 1170 truci
1267 1101 1638 1196 suspexeris
1679 1101 1949 1171 Orioni:

634 1215 800 1283 Heic
834 1235 1142 1282 concessa
1182 1211 1431 1280 etenim
1474 1211 1695 1279 curvis
1736 1211 2069 1280 minitatio
2113 1211 2357 1283 Chelis.
2585 1237 2664 1276 ‚so

634 1329 787 1394 Huc
822 1320 1057 1391 falcata
1093 1320 1247 1392 Chii
1291 1334 1645 1414 repserunt
1675 1343 1926 1388 cornua
1967 1323 2277 1406 monstri,

637 1432 921 1503 Sidereae
955 1431 1239 1499 nimium
1276 1428 1437 1498 facis
1475 1428 1743 1522 indiga3
1771 1421 2060 1521 namque
2096 1429 2296 1499 hebes
2335 1429 2481 1499 ollis

638 1543 850 1635 Ignis,
890 1556 959 1608 et
998 1539 1238 1608 obtuso
1276 1553 1577 1607 marcent
1612 1537 1914 1607 incendia
1959 1539 2158 1608 crine.

1422 1727 1770 1772 BOOTEs.

734 1852 1012 1924 Callisto
1053 1850 1285 1920 rutilat
1327 1848 1572 1938 stelliS,
1611 1850 1856 1944 quibus
1900 1873 2111 1944 usque
2155 1849 2364 1919 ferina

637 1966 859 2033 Prona
894 1961 970 2032 fit
1005 1960 1255 2056 effigie,
1282 1985 1418 2054 quo
1454 1959 1725 2029 cardine
1763 1974 2030 2052 torquet
2053 1973 2122 2027 et
2159 1983 2350 2028 axem
2589 1981 2666 2019 2⁵⁵

640 2078 918 2168 Semper
954 2070 1320 2140 inocciduis
1360 2068 1687 2139 adtollens
1726 2068 2032 2163 lampada
2068 2067 2350 2138 flammis

644 2178 1091 2275 Arctophylax
1111 2233 1130 2266 ,
1166 2181 1301 2249 sive
1320 2233 1339 2266 ,
1376 2194 1451 2248 ut
1477 2183 1755 2249 Veteres
1796 2181 2126 2266 cecinere,
2155 2183 2424 2266 Bootes,

638 2295 917 2362 Famosa
950 2289 1256 2360 Arcadici
1296 2303 1544 2359 testans
1579 2304 1956 2359 commenta
1993 2291 2283 2384 tyranni.

640 2404 729 2471 Et
762 2400 918 2469 licet
956 2399 1229 2467 instanti
1269 2398 1536 2485 similis,
1572 2398 1934 2493 similisque
1978 2401 2259 2470 minanti

640 2514 858 2604 Terga
874 2506 1136 2578 Helices
1138 2532 1164 2600 J
1174 2522 1331 2576 uxta
1350 2523 1612 2602 premat
1635 2507 1904 2595 arduus,
1923 2508 2104 2578 haud
2129 2525 2349 2578 tamen
2371 2534 2667 2607 unquam

640 2624 720 2691 In
757 2621 1101 2714 picturatae
1142 2616 1516 2712 plaustrum
1553 2643 1944 2713 procurrere
1979 2620 2210 2688 matris
2589 2645 2662 2685 ,σι

638 2734 765 2799 Fas
800 2728 1017 2814 datur,
1053 2728 1311 2822 antiqui
1349 2730 1665 2822 quoniam
1709 2731 2022 2823 contagio
2059 2728 2128 2795 in
2172 2725 2288 2796 illo

618 2938 738 2996 244.
767 2936 941 2984 Altera
958 2950 1108 2999 porro
1128 2934 1385 2999 plurimus.
1408 2932 1570 2984 Phra—

548 3014 619 3065 sis
651 3009 855 3063 Avieno
890 3009 1083 3062 usitata
1098 3047 1115 3073 ,
1152 3008 1221 3063 ad
1255 3009 1568 3065 Graecornm

549 3088 889 3145 imitationem
918 3106 932 3140 ε
971 3087 1036 3139 τὰ
1074 3086 1121 3139 δ’
1152 3090 1291 3159 ἕτερα
1326 3091 1562 3162 μίγιστος.

621 3168 737 3233 248.
762 3172 877 3217 Post
888 3170 1067 3234 spiram
1089 3168 1292 3219 brachia
1313 3173 1564 3234 quondam

546 3248 829 3302 tumidam
854 3248 980 3295 emen·
1002 3248 1296 3311 suspexeris,
1322 3258 1428 3299 etc.
1449 3246 1566 3299 Ele·

547 3338 732 3400 ganter
776 3323 964 3395 utique
1000 3322 1058 3374 hi
1094 3340 1277 3377 versus
1311 3343 1344 3377 a
1380 3324 1570 3380 Grotio

548 3405 771 3459 restituti
813 3415 953 3456 sunt.
1005 3402 1164 3457 conr.
1204 3404 1353 3455 Arati
1382 3402 1563 3458 Phaon.

549 3504 625 3538 vs.
640 3488 724 3552 89.
734 3484 914 3555 Vulgo
932 3492 1207 3552 corrupte:
1226 3506 1251 3527 κ
1264 3494 1379 3553 post
1396 3495 1568 3555 spreta

544 3562 759 3616 brachia
788 3560 1057 3633 quondam
1086 3559 1383 3614 Formidata
1418 3564 1560 3615 truci

544 3642 841 3713 suspexeris
880 3640 1072 3693 Orioni
1098 3658 1113 3701 3
1150 3638 1279 3693 Hoc
1315 3658 1564 3694 concessa

546 3720 742 3772 etenim
769 3720 942 3773 curvis
973 3718 1228 3771 mercatio
1264 3718 1408 3771 velis.
1442 3720 1563 3771 Huc

547 3797 735 3851 falcata
797 3796 973 3848 Hiodii
1030 3808 1313 3869 rqnzernnt
1358 3816 1564 3850 cornua

545 3876 767 3929 monstri
810 3898 853 3925 ι.
908 3873 1263 3928 Grammatico
1298 3876 1564 3949 postulat,

555 3958 725 4015 chius,
771 3970 937 4024 quum
968 3957 1126 4005 locum
1152 3952 1413 4027 designat,
1446 3976 1568 4010 cor·

554 4032 654 4108 ripi
673 4074 688 4099 ,
734 4050 901 4105 quum
946 4031 1267 4100 adfectionum,
1327 4034 1568 4107 produci.

553 4111 659 4167 Sed
680 4112 915 4183 regulam
936 4109 1077 4163 hanc
1098 4124 1257 4181 poete
1278 4114 1568 4186 negligunt.

554 4190 691 4246 Nam
732 4202 782 4244 et
810 4208 911 4261 pro
940 4194 1051 4241 loeo
1076 4188 1261 4243 Cicero
1287 4190 1536 4263 produxit
1553 4234 1569 4261 ,

1659 2945 1710 2985 et
1734 2953 1832 3004 pro
1855 2936 2096 3001 adjectivo
2132 2932 2387 3005 corripuit
2417 2932 2668 2987 Avienus.

1655 3014 1802 3067 Infra
1819 3032 2034 3085 qnoque
2047 3034 2093 3065 v.
2115 3033 2136 3067 1
2150 3020 2247 3077 146
2265 3034 2279 3068 ε
2315 3041 2336 3063 ι
2354 3016 2529 3069 Curva
2546 3014 2672 3069 Chii

1657 3092 1786 3144 celo
1805 3108 1972 3163 quum
1996 3108 2218 3163 surgunt
2235 3094 2447 3148 brachia
2473 3095 2610 3166 signi
2625 3122 2670 3149 υ.

1729 3170 1845 3233 ²54·
1872 3174 2074 3223 Callisto
2095 3176 2268 3226 rutilat
2289 3176 2468 3237 stellis,
2498 3178 2670 3242 quibus

1653 3251 2020 3319 usquefen‘na,
2044 3262 2145 3305 etc.
2173 3250 2282 3306 Hos
2309 3272 2526 3325 quoque
2554 3272 2673 3306 ver-

1657 3346 1746 3381 sus
1767 3348 1797 3382 a
1820 3330 2008 3383 Grotio
2026 3330 2330 3384 emendatos
2345 3330 2496 3394 dedi,
2510 3332 2671 3404 vulgo

1656 3409 2077 3481 corruptissimos
2097 3410 2166 3461 ita
2186 3426 2200 3461 t
2219 3436 2242 3457 ι
2259 3410 2474 3465 Callisto
2489 3410 2674 3464 rutilat

1656 3487 1817 3540 stellis
1831 3528 1846 3553 ,
1860 3488 2053 3560 quibus
2067 3500 2231 3559 utque
2253 3490 2477 3543 ferinam
2495 3490 2670 3544 Prona

1655 3564 1718 3618 fit
1750 3566 2010 3637 effigiem,
2043 3584 2152 3638 quo
2180 3568 2395 3622 cardine
2427 3582 2674 3643 torqueat

1651 3662 1826 3709 axem,
1846 3646 2062 3719 Semper
2081 3648 2136 3701 in
2158 3647 2396 3703 occiduis
2416 3647 2672 3705 adtollens

1651 3720 1903 3793 lampada
1925 3724 2153 3780 flammis
2171 3752 2212 3780 ο.

1725 3800 1842 3871 ²⁵7·
1883 3808 2245 3871 Arctophylax.
2284 3806 2369 3860 Cf.
2403 3807 2671 3862 Eratosth-

1649 3879 2010 3935 Catasterism.
2039 3902 2153 3954 cap.
2179 3902 2200 3937 ι
2236 3896 2288 3937 et
2309 3886 2341 3938 8
2361 3922 2377 3947 ,
2399 3896 2452 3938 et
2475 3886 2674 3941 Soban-

1655 3958 1807 4012 bach.
1845 3972 1956 4012 not.
1984 3979 2038 4032 p.
2077 3964 2171 4032 67,
2204 3964 2300 4025 823
2331 3963 2511 4019 Schol.
2541 3965 2672 4019 Ger-

1659 4054 1800 4090 man.
1834 4037 1904 4091 ad
1936 4058 2010 4091 vs.
2048 4046 2113 4110 89
2134 4078 2150 4104 ,
2189 4054 2242 4094 et
2274 4042 2471 4116 Hygia.
2504 4044 2591 4109 11,
2622 4051 2673 4108 4.

1733 4120 1848 4169 261.
1867 4124 1927 4169 In
1939 4120 2220 4186 picturata.
2235 4120 2334 4175 Ed.
2359 4120 2674 4177 Ald.vitiose

1661 4196 2003 4263 Impicmratoe.
