2996 4685
979 387 1186 454 oRA
1237 369 1784 454 MARITIMA.

2295 387 2438 481 4¹9

497 512 712 581 Etiam
755 507 1007 590 coloni,
1042 525 1107 576 et
1145 507 1415 602 vulguS,
1455 510 1627 576 inter
1662 504 1973 576 Herculis
2370 537 2441 572 ..⁵

500 621 782 716 Agitans
824 617 1206 704 columnas,
1247 619 1388 688 haee
1433 617 1711 686 adibant
1749 641 2013 713 aequora
2046 645 2060 685 ε
2105 615 2115 624 ‘

497 731 669 818 Quae
707 727 1000 797 Himilco
1029 732 1280 798 Poenus
1309 727 1653 798 mensibus
1688 729 1797 798 vix
1828 743 2145 822 quatuor,

496 843 592 909 Ut
628 839 768 934 ipse
812 853 1021 907 semet
1063 864 1138 908 re
1183 839 1503 932 probasse
1542 838 1772 908 retulit

497 951 1015 1043 Enavigantem‚
1063 973 1254 1045 posse
1289 951 1657 1022 transmitti
1692 950 1973 1020 adserit:

497 1060 607 1131 Sic
644 1059 825 1128 nulla
871 1059 1000 1129 late
1041 1060 1249 1132 flabra
1289 1060 1680 1156 propellunt
1714 1075 1960 1144 ratem,

499 1173 610 1241 Sic
651 1172 870 1266 segnis
911 1171 1160 1240 humor
1198 1173 1486 1265 aequoris
1524 1173 1699 1268 pigri
1746 1187 1989 1266 stupet.

381 1395 400 1427 1
418 1377 496 1429 15.
523 1380 633 1426 Mos
657 1389 792 1434 erac,
821 1377 1137 1442 carthaginis
1163 1376 1324 1424 Edam

303 1456 489 1506 colonis
503 1494 518 1515 ,
532 1469 580 1506 ee
593 1457 778 1522 vulgus
790 1491 806 1512 ,
823 1463 922 1504 etc.
939 1452 1026 1504 Sic
1047 1451 1330 1506 ediderunt

301 1534 438 1586 Pith.
467 1545 518 1586 et
541 1531 715 1586 Huds.
742 1529 844 1586 Sed
870 1531 1064 1584 rectius
1087 1531 1322 1604 Opitius,

303 1633 357 1685 p.
371 1631 459 1682 29,
472 1613 596 1684 legit
612 1624 666 1666 et
683 1611 1326 1684 distinguitoeNegotiandi

301 1713 420 1748 mos
442 1707 583 1747 erat:
601 1693 930 1764 Carthaginis
947 1691 1106 1745 etiam
1127 1693 1329 1758 coloni,

303 1787 400 1826 otc.
420 1799 441 1820 ι·
466 1784 525 1826 ut
550 1792 624 1825 vs.
655 1773 715 1825 31
731 1791 774 1824 1.
811 1773 897 1826 Sic
940 1771 1096 1825 etiam
1142 1775 1326 1843 legunt

305 1853 482 1905 Heius.
501 1861 550 1906 et
565 1850 772 1903 Oddius
785 1891 802 1915 ,
816 1850 1064 1903 Bochart.
1083 1851 1140 1903 in
1157 1851 1328 1906 Chan.

304 1951 360 2003 p.
405 1950 476 1984 m.
515 1931 649 2002 723,
678 1943 728 1982 et
777 1930 997 1982 Vossius
1049 1942 1195 2000 pater
1262 1931 1330 1984 de

305 2011 494 2064 Philol.
531 2029 649 2082 cap.
683 2027 740 2062 11
763 2047 781 2074 ,
803 2027 857 2082 p.
887 2013 987 2074 64:
1011 2008 1174 2082 idque
1215 2027 1327 2061 me·

304 2089 408 2142 lius
435 2089 682 2144 convenit
711 2091 951 2161 sequenti
980 2093 1201 2142 adibant.

381 2189 496 2241 117.
528 2175 664 2238 Quoe·
679 2171 885 2221 Himilco
916 2175 1108 2220 Pae-nas.
1137 2167 1328 2220 Poenus

303 2252 390 2304 ille
409 2249 640 2303 Himiico
659 2290 674 2314 ,
695 2267 855 2320 quem
876 2249 999 2300 citat
1015 2287 1031 2313 ,
1051 2267 1114 2302 eo
1135 2249 1328 2300 missus

300 2351 332 2385 a
351 2331 546 2385 Senatu
565 2327 1007 2399 Carthaginiensi,
1025 2341 1086 2381 ut
1102 2326 1322 2382 occidua

299 2413 524 2483 Europa
560 2410 716 2462 litora
752 2408 1080 2481 exploraret,
1109 2407 1214 2461 hoc
1238 2409 1324 2461 of·

300 2492 419 2547 ficio
458 2492 742 2545 defunctus
777 2492 878 2543 iter
905 2488 1142 2543 suumin
1173 2508 1322 2541 com·

301 2572 555 2625 meutaria
578 2569 771 2623 retulit.
789 2568 977 2641 Itaque
997 2568 1243 2622 eumdem
1267 2569 1324 2621 iu

300 2648 512 2705 occidui
551 2647 902 2719 descriptione
941 2646 1125 2701 Festus
1161 2648 1325 2719 profi·

301 2740 442 2785 tetur
483 2746 539 2781 se
580 2726 733 2798 sequi
758 2745 807 2778 v.
833 2730 969 2788 4¹²²
1002 2726 1168 2778 «Haec
1198 2726 1326 2779 olim

302 2808 535 2861 Himilco
559 2806 752 2859 Poenus
766 2845 781 2869 ‚
798 2818 901 2858 etc.
914 2830 938 2849 n
955 2804 1122 2866 Boon.
1149 2804 1322 2857 Chan.

302 2888 394 2941 lib.
409 2889 436 2940 1
454 2925 470 2951 ,
491 2906 605 2959 cap.
635 2888 721 2955 39,
741 2903 793 2956 p.
819 2882 1146 2955 724.—Quae
1169 2883 1326 2935 Avie-

300 2988 400 3023 nus
424 2968 530 3021 hoc
553 2966 675 3020 loco
699 2964 768 3019 de
801 2962 1326 3035 Carthaginiensium

303 3052 358 3103 in
403 3069 548 3103 mare
588 3046 906 3100 Atlanticum
953 3045 1322 3117 navigatione,

302 3130 370 3182 de
407 3132 624 3203 ejusque
671 3138 860 3179 natura
909 3144 973 3177 ex
1017 3122 1320 3177 Himilcone

304 3208 463 3259 refert
481 3249 496 3271 ‚
532 3224 594 3258 ex
639 3204 704 3258 iis
741 3204 960 3256 Vossius
1001 3214 1152 3274 pater
1193 3202 1231 3255 l.
1277 3220 1320 3253 c.

306 3286 520 3358 colligit,
538 3282 774 3356 cognitas
799 3283 956 3337 fuisse
974 3282 1142 3335 Poenis
1161 3294 1324 3334 terras

305 3366 444 3419 ultra
489 3366 764 3418 Oceanum
785 3402 800 3428 ,
841 3361 952 3413 aliis
991 3360 1197 3431 ignotas
1213 3402 1228 3425 ,
1273 3372 1326 3411 et

303 3446 662 3497 continentem
689 3460 801 3493 eam
822 3482 837 3504 ,
857 3460 975 3511 quae
993 3438 1153 3493 hodie
1173 3440 1324 3491 Ame-

305 3525 414 3578 rica
444 3522 652 3577 dicitur.

381 3605 496 3658 118.
527 3608 589 3654 Ue
615 3605 719 3670 ipse
752 3610 904 3651 semet
934 3616 1034 3648 rem
1051 3600 1324 3667 probasse,

304 3684 541 3756 vulgato.
577 3680 810 3735 Pithoeus
841 3676 1088 3731 emendat
1126 3696 1180 3728 re
1203 3698 1324 3746 pro-

305 3769 476 3824 basse,
498 3760 745 3833 idemque
771 3758 960 3811 melius
979 3768 1131 3831 putat
1153 3754 1322 3811 Huds.

239 3848 243 3852 ’
307 3850 388 3905 Re,
401 3862 471 3897 sc.
483 3840 552 3895 de
566 3842 703 3909 visu,
713 3860 822 3897 non
836 3838 1001 3907 libris,
1013 3849 1104 3891 aut
1120 3835 1324 3891 auditu.

381 3942 403 3976 1
416 3942 437 3975 1
447 3940 495 3991 9.
507 3925 769 3991 Enavr’gan
775 3936 868 3973 tem
876 3920 1078 3973 habent
1087 3918 1240 3989 vulga
1248 3930 1328 3978 te,

306 4000 450 4076 quod
495 4000 692 4055 servari
737 4010 910 4073 potest
925 4038 942 4061 ‚
984 3998 1026 4051 si
1067 3997 1331 4067 referatur

307 4079 372 4134 ad
421 4094 571 4133 semet
589 4119 603 4141 ,
650 4090 911 4132 commate
963 4077 1235 4149 adposito,
1273 4090 1331 4131 ut

309 4160 588 4214 Hudsonus
669 4160 808 4214 fecit.
887 4156 1080 4211 Maluit
1153 4168 1330 4213 tamen

1411 1374 1663 1428 Heinsius
1706 1393 1829 1428 cum
1870 1377 2180 1430 Burmanno
2214 1386 2263 1430 A
2300 1385 2441 1433 navi-

1408 1469 1592 1524 gante,
1624 1456 1709 1509 vel
1730 1457 2059 1530 Enavn'gando
2077 1495 2095 1517 ,
2122 1469 2182 1510 ut
2217 1469 2269 1510 et
2303 1459 2436 1513 infra

1413 1553 1462 1586 v.
1491 1539 1589 1606 167
1610 1533 1947 1600 conjiciebat:
1963 1563 1988 1582 ι
2006 1537 2081 1588 Ut
2100 1537 2143 1588 si
2162 1539 2281 1610 quis
2298 1539 2438 1594 hanc

1412 1612 1749 1687 enavigando
1778 1616 2055 1678 accesserit
2074 1642 2123 1669 ι.
2153 1617 2439 1674 Hudsouus

1411 1705 1670 1764 praeterea
1708 1693 1922 1764 conjicit
1943 1699 2249 1766 Enqvae‘ganu'
2271 1719 2438 1767 posse.

1415 1773 1541 1827 Haec
1567 1773 1783 1845 quidem
1812 1775 2177 1834 commodiora
2198 1775 2441 1833 videntur

1414 1851 1607 1924 legenti
1660 1851 1729 1904 ad
1784 1851 2213 1924 intelligendum,
2264 1860 2442 1910 nescio

1416 1942 1598 1984 tamen
1616 1973 1632 1998 ‚
1655 1931 1927 2002 quomodo
1953 1931 2200 1995 disertior
2228 1935 2291 1988 sit
2319 1955 2440 1990 sen·

1415 2011 1579 2064 tentia
1615 2031 1646 2065 e
1677 2011 1903 2065 lectione
1928 2013 2172 2086 vulgata:
2195 2016 2249 2070 τὸ
2277 2032 2440 2070 cmm-

1415 2093 1540 2141 mim'
1555 2109 1651 2161 per
1668 2109 1724 2144 se
1743 2091 1868 2145 satis
1887 2091 2217 2164 intelligitur,
2237 2095 2439 2152 etiamsi

1414 2187 1521 2221 non
1566 2169 1797 2222 addatur
1820 2191 1855 2221 a
1884 2174 2185 2239 navigante,
2210 2175 2293 2234 vei
2320 2197 2441 2229 ena-

1413 2251 1632 2317 vigando
1648 2289 1662 2308 ‚
1702 2263 1754 2302 at
1800 2265 1950 2303 semet
1993 2255 2343 2322 navigantem
2388 2279 2441 2309 re

1403 2331 1642 2397 probasse
1668 2329 1713 2383 si
1740 2344 2093 2393 construatur,
2121 2332 2347 2390 validius
2368 2323 2438 2391 'fit

1411 2423 1815 2481 argumentum,
1857 2424 1909 2461 et
1960 2410 2192 2464 Himilco
2244 2413 2439 2471 dicitur

1409 2508 1462 2538 re
1484 2492 1722 2556 probasse
1738 2489 1912 2562 ,quod
1938 2490 2053 2544 hoc
2080 2510 2297 2563 aequora
2328 2513 2435 2551 non

1408 2565 1598 2621 adierit
1623 2581 1830 2621 tantum
1850 2608 1866 2633 ,
1889 2570 1981 2623 sed
2006 2575 2355 2642 enavigant-it.

1487 2666 1604 2699 120.
1621 2652 1700 2698 Sic
1718 2653 1859 2700 nulla
1873 2649 2014 2720 vulg.
2030 2652 2119 2701 Hic
2136 2656 2276 2705 nulla
2294 2659 2433 2731 conj.

1409 2724 1579 2779 Huds.
1607 2746 1905 2802 perperam.
1928 2717 2069 2781 Nam
2096 2748 2193 2797 per
2221 2736 2292 2783 εἰσ
2314 2752 2436 2804 ape·

1411 2804 1547 2859 ritur
1564 2806 1699 2858 ratio
1714 2844 1731 2871 ,
1752 2825 1848 2859 cur
1868 2824 2078 2877 aequora
2094 2808 2186 2862 illa
2198 2810 2281 2861 vix
2291 2830 2439 2865 men-

1411 2882 1555 2937 sibus
1599 2895 1835 2957 quatuor
1876 2886 2162 2939 transmitti
2214 2890 2431 2960 possint.

1409 2961 1877 3029 Quemadmodum
1914 2963 1968 3016 in
2008 2964 2264 3041 Descript.
2292 2972 2429 3027 Orb.

1409 3060 1460 3093 v.
1492 3048 1594 3105 ποις
1618 3059 1629 3091 :
1651 3069 1677 3087 «ι
1693 3042 1784 3095 hic
1810 3043 2017 3117 pecoris
2044 3063 2201 3101 cursu
2227 3061 2429 3103 sterna-

1411 3122 1487 3174 cis
1514 3122 1569 3173 in
1598 3138 1779 3195 oequor
1806 3122 2019 3177 Inachis
2046 3122 2191 3180 illata
2220 3140 2331 3193 est3
2358 3132 2434 3185 sic

1408 3214 1591 3271 pectus
1613 3198 1831 3255 canduit
1855 3201 1929 3255 ira
1960 3202 2169 3259 Pellicis
2183 3247 2199 3274 ,
2218 3220 2322 3262 etc.
2338 3234 2360 3255 ι-

1485 3299 1600 3335 νιτ.
1624 3286 1703 3333 Sic
1738 3284 1907 3351 segm‘s
1940 3286 2128 3345 humor,
2156 3287 2298 3359 vulg.
2332 3288 2433 3342 Pro

1408 3364 1572 3431 segnis
1590 3362 1813 3435 conjecit
1825 3366 1967 3413 remis
1984 3362 2067 3415 vel
2089 3368 2245 3417 tenuis
2269 3367 2433 3424 Scriv.

1410 3440 1705 3495 infeliciter.
1740 3440 1990 3495 Similiter
2025 3444 2201 3515 Orpb.
2234 3447 2430 3521 Argon.

1411 3542 1463 3573 v.
1489 3540 1623 3575 noo
1663 3520 1731 3573 de
1756 3522 1973 3579 Oceano
2008 3522 2432 3596 septemtrionali

1413 3620 1453 3653 s.
1489 3599 1687 3653 Cronio
1708 3638 1725 3665 ,
1751 3606 1843 3672 qui
1886 3620 1993 3654 non
2042 3602 2214 3659 alius:
2240 3610 2433 3664 «Nulla

1413 3698 1543 3733 aura
1562 3678 1773 3733 flatibus
1792 3680 2139 3753 mugientium
2152 3700 2435 3743 ventorum

1411 3758 1549 3812 illud
1591 3777 1739 3814 mare
1772 3760 2115 3815 concitabat:
2156 3767 2312 3821 tacite
2341 3752 2436 3824 'ibi

1410 3842 1551 3913 jacet
1600 3850 1824 3913 pontus,
1868 3840 1960 3893 ubi
2010 3840 2191 3898 Helice
2235 3864 2315 3904 est
2332 3886 2348 3911 ,
2387 3864 2437 3904 et

1416 3918 1605 3972 ultima
1629 3916 1869 3991 Tethyos
1906 3920 2049 3977 unda
2074 3948 2113 3976 ι.
2144 3926 2225 3979 De
2250 3928 2441 3983 eodem

1421 3998 1667 4072 Avienus,
1678 4000 1934 4071 Descript.
1945 4001 2075 4058 Orh.
2091 4020 2168 4056 vs.
2188 4004 2281 4076 57:
2306 4036 2329 4053 ιι
2344 4008 2446 4066 nic

1419 4078 1635 4132 densata
1666 4077 1760 4132 sali
1788 4092 1927 4131 stant
1957 4096 2217 4136 marmora
2236 4123 2250 4147 ,
2274 4088 2449 4161 pigra-

1421 4176 1527 4230 que
1576 4159 1729 4233 ponti
1780 4160 1844 4213 Se
1895 4172 2083 4213 natura
2135 4174 2281 4218 tenet
2297 4191 2339 4219 n.
2386 4166 2449 4219 Et

2048 4276 2157 4346 27.
