2996 4685
726 424 737 432 .
808 371 1191 439 'ARATEA
1243 369 1996 439 PROGNOSTICA.
2329 364 2470 441 605

444 494 841 584 Formarum
862 543 881 579 ,
916 491 1117 585 primi
1152 514 1363 585 quum
1403 492 1616 586 surgit
1653 489 1928 562 luminis
1959 492 2154 587 igne,
2400 520 2476 557 22⁵

390 638 399 651 ·
445 603 669 671 Tertia
703 625 915 696 quum
952 599 1216 689 rutilat3
1240 624 1451 699 quum
1485 602 1700 695 major
1734 600 1964 671 sideris
1997 602 2272 673 aethram

448 712 752 797 Scandit,
776 726 843 781 et
878 712 1091 781 aerias
1122 714 1363 807 quarta
1405 710 1549 781 face
1583 711 1871 782 luminat
1905 737 2093 801 oras,

448 826 895 922 Ingredientis
922 826 1049 895 erit
1075 824 1271 920 plene
1300 826 1422 895 tibi
1458 826 1696 895 nuntia
1727 827 1996 897 mensiS.

448 939 609 1005 Haec
648 936 969 1030 castigato
1006 936 1061 1005 si
1103 938 1300 1006 tertia
1334 935 1596 1006 fulserit
1637 950 1827 1023 ortu,
2228 1002 2236 1011 ,

450 1048 627 1116 Pura
670 1048 759 1116 sit
796 1061 874 1115 ut
908 1045 1099 1117 foedis
1138 1047 1225 1116 ab
1264 1046 1611 1135 sordibuS,
1646 1034 1878 1115 adfore
1913 1046 2088 1117 dicet
2409 1076 2481 1115 1³0

452 1157 651 1227 Clara
688 1182 917 1238 serena
952 1156 1093 1226 diu.
1118 1157 1334 1227 Tenui
1370 1156 1738 1227 surrexerit
1766 1170 1992 1227 autem

453 1268 523 1338 Si
568 1266 746 1355 face,
773 1282 843 1335 et
878 1266 1092 1360 ignito
1131 1267 1549 1363 subpinxerit
1577 1290 1698 1335 ora
1725 1268 1998 1355 rubore,

454 1376 753 1447 Turbida
784 1392 1114 1448 certantes
1150 1392 1547 1448 converrent
1573 1401 1840 1473 aequora
1873 1380 2098 1449 Cauri.

454 1489 759 1559 Luminis
800 1491 927 1559 ista
966 1488 1213 1558 dehinc
1254 1490 1311 1559 si
1345 1489 1654 1577 crassior,
1688 1504 1888 1583 atque
1929 1490 2166 1559 retusis

457 1597 791 1669 Cornibus
834 1598 1231 1693 ingreditur,
1266 1600 1321 1669 si
1360 1600 1584 1694 quarti
1621 1599 1854 1669 sideris
1893 1616 2050 1670 ortu
2417 1623 2488 1661 1³⁵

464 1710 769 1781 Percussi
812 1724 1083 1779 tenuem
1124 1709 1493 1803 praeteudat
1527 1710 1830 1803 corporis
1869 1710 2174 1779 umbram
2191 1762 2211 1794 ,

462 1820 801 1890 Imbribus
836 1835 953 1890 aut
980 1820 1303 1916 Zephyris
1325 1819 1786 1908 hebetabitur,
1820 1835 2056 1916 arguet
2089 1819 2269 1890 ultro

460 1930 708 2017 ‚Flabra
740 1931 940 2016 Noti,
974 1926 1103 1999 'aut
1136 1929 1432 2025 pluvias3
1458 1954 1614 1999 nam
1651 1953 1910 2000 crassus
1943 1928 2228 2024 desuper
2257 1954 2374 2003 aer

468 2042 746 2111 Cornua
782 2064 953 2109 caeca
991 2040 1263 2133 premit,
1288 2043 1510 2111 Notus
1537 2038 1778 2109 uvidus
1809 2064 1966 2108 aera
1999 2040 2201 2135 cogit.

464 2150 689 2219 Tertia
721 2151 775 2219 si
814 2174 1081 2221 rursum
1120 2148 1487 2243 protollens
1523 2148 1814 2245 Cynthia
1848 2173 2120 2236 currus,
2421 2180 2496 2221 ιε..

468 2260 570 2330 Sit
604 2258 909 2329 subrecta
954 2258 1131 2328 faces
1171 2273 1240 2328 et
1282 2260 1594 2329 acumina
1625 2272 1806 2328 tenta
1837 2282 2222 2345 coruscam,

468 2372 564 2438 Ut
601 2395 725 2440 nec
766 2393 969 2439 curva
1010 2370 1201 2464 quasi
1238 2368 1524 2440 declinet
1559 2393 1844 2458 cornua,
1871 2394 1996 2438 nec
2033 2385 2176 2439 tum

468 2483 640 2548 Fusa
679 2480 1061 2573 supinatum
1105 2479 1378 2550 diducat
1413 2478 1642 2550 lumen
1686 2480 1756 2548 in
1793 2505 2020 2566 auraS,

470 2587 775 2658 Occiduo
804 2586 1188 2681 Zephyrum
1226 2590 1542 2683 praedicet
1576 2614 1849 2685 surgere
1877 2588 2162 2676 mundo,

472 2701 611 2766 Aut
640 2697 865 2790 Libyae
908 2694 990 2764 de
1027 2711 1217 2789 parte
1256 2700 1535 2768 Notum.
1576 2701 1696 2768 Sin
1733 2715 2026 2792 quatuor
2059 2715 2282 2769 autem
2435 2729 2510 2772 ηε

476 2804 768 2901 Cynthia
805 2803 1154 2873 curriculis
1192 2805 1425 2875 caelum
1464 2807 1690 2892 subit,
1717 2822 1920 2901 atque
1945 2833 2256 2878 coruscos

477 2915 816 2986 Cornibus
853 2913 1211 2984 immodice
1245 2916 1704 3011 prostantibus
1743 2917 1988 2988 exserit
2021 2919 2243 3013 ignes,

384 3131 481 3186 pro
500 3115 663 3180 major
677 3113 863 3176 sidere,
879 3120 931 3161 et
953 3109 1093 3163 infra
1116 3134 1145 3155 ιι
1159 3109 1403 3163 Luminis
1489 3110 1724 3164 Avienus
1763 3129 1890 3163 cum
1937 3111 2177 3165 Theoue-
2199 3111 2336 3165 σκιὰν
2382 3114 2511 3184 πέμ·

384 3190 609 3246 crassior
635 3213 661 3237 ο
695 3207 798 3262 pro
826 3213 849 3236 ι
873 3190 1100 3242 Lumine
1124 3189 1404 3243 munior».
1488 3209 1665 3243 πουσα.

385 3301 457 3312 -
476 3271 544 3323 Et
564 3267 675 3322 vid.
694 3278 808 3322 not.
828 3266 897 3322 ad
920 3267 1099 3320 Phaen.
1122 3286 1147 3321 1
1160 3287 1181 3321 1
1194 3269 1277 3323 15.
1294 3269 1403 3323 En.
1567 3269 1683 3339 137.
1719 3271 1960 3320 Imbribus
1999 3283 2092 3320 aue
2118 3272 2354 3337 Zephyris
2371 3273 2514 3323 liebe-

464 3351 581 3403 130.
610 3355 743 3400 Pura
766 3350 831 3400 sit
851 3349 1063 3416 utfoedis
1081 3352 1147 3399 ab
1164 3352 1403 3409 sordibus,
1496 3351 1701 3400 cabitur.
1767 3348 1940 3401 Immo
1987 3347 2152 3401 Noto.
2207 3349 2326 3402 Nou
2371 3363 2516 3404 recte

388 3435 565 3501 adsum
588 3434 717 3482 dicet
739 3434 889 3482 Clara
905 3449 1077 3480 serena
1100 3431 1201 3479 diu.
1224 3434 1407 3480 Serena
1492 3426 1586 3480 hic
1595 3427 1824 3480 Avienus
1833 3427 2052 3479 Aratum
2074 3427 2343 3499 expressit.
2357 3428 2520 3484 Buhl.

390 3512 493 3565 boc
523 3511 643 3564 loco
660 3547 679 3574 ,
720 3521 778 3562 ut
806 3521 859 3562 et
896 3509 1049 3575 alibi,
1082 3507 1409 3561 substantive
1494 3537 1567 3548 -
1599 3505 1705 3560 Sed
1740 3506 1971 3561 Avienus
2011 3507 2322 3578 περιφρσὶζιι,
2346 3519 2399 3560 et
2436 3528 2514 3564 vs.

392 3590 636 3644 sumitur.
670 3588 815 3642 Male
838 3587 995 3661 vulgo
1020 3586 1409 3660 iata-pungitur
1496 3605 1606 3659 seq.
1635 3589 1820 3637 Notum
1845 3584 2038 3639 diserte
2063 3587 2320 3639 nominat.
2341 3587 2446 3642 En.

392 3680 447 3722 et
480 3669 711 3741 legitur:
759 3691 781 3715 ι
806 3668 960 3720 Plura
1010 3668 1077 3719 sit
1097 3704 1114 3730 ‚
1160 3677 1217 3719 ut
1257 3663 1409 3718 fodis
1573 3671 1674 3729 140
1689 3703 1707 3730 ,
1731 3670 1846 3726 141.
1881 3669 2042 3716 Tereia
2064 3667 2112 3716 si
2127 3685 2318 3719 rursum
2329 3672 2522 3736 prurul-

394 3751 463 3802 ab
488 3747 735 3804 sordibus
773 3745 958 3801 adfore
1006 3745 1151 3799 dices
1169 3782 1186 3810 ,
1223 3744 1377 3798 Clara
1392 3783 1411 3810 ,
1497 3749 1656 3799 lem..
1671 3782 1686 3797 .
1716 3749 1794 3797 Sit
1807 3747 2202 3816 subrectafizces,
2226 3757 2324 3801 etc.
2349 3753 2520 3812 Tenea,

393 3847 573 3882 ,mna
600 3827 696 3880 diu
714 3853 761 3880 ι..
1503 3838 1562 3876 ιιι
1587 3823 1748 3876 alibi:
1785 3834 1929 3877 teuta
1969 3825 2240 3880 volumina
2283 3845 2522 3902 compar.

472 3904 587 3958 136.
640 3909 855 3957 Percussi
900 3919 1089 3956 tenuem
1134 3905 1417 3972 praetendat
1502 3902 1712 3974 Vulgo:
1739 3929 1765 3950 α
1784 3902 1828 3957 εἰ
1852 3921 2064 3957 rursum
2085 3905 2334 3976 protollat
2350 3931 2394 3959 ο.

397 3987 625 4052 corporis.
663 3985 879 4056 Vulgo:
923 4009 947 4031 ιι
970 3983 1207 4037 Percussi
1244 3993 1307 4036 ut
1344 3995 1415 4034 te-
1579 3982 1697 4045 145.
1740 3985 1848 4034 Aue
1873 3983 2034 4049 Libsoe
2058 3986 2122 4035 de
2134 3999 2285 4051 parte
2319 3989 2524 4038 Notum.

400 4081 557 4114 nuem
576 4089 617 4130 ’.··
637 4062 795 4134 Apud
807 4063 1029 4115 Aratum
1042 4097 1059 4122 ,
1080 4081 1135 4114 v.
1159 4061 1255 4125 54:
1291 4061 1415 4130 φόως
1505 4064 1698 4115 Aratus
1719 4061 1854 4114 nihil
1881 4058 2043 4114 habet
2064 4060 2132 4115 de
2155 4063 2310 4116 Noto.

402 4142 627 4212 ἀμενηνὸν
680 4142 857 4207 ἔχουσα.
912 4142 1285 4212 interpretatus
1341 4151 1418 4194 est
1587 4145 1699 4203 146.
1721 4147 1884 4210 Atque
1898 4160 2147 4205 coruscos,
2163 4152 2261 4195 etc.
2281 4159 2342 4196 ex
2359 4162 2530 4199 emen-
