<?xml version="1.0" encoding="UTF-8"?>
<!DOCTYPE html PUBLIC "-//W3C//DTD XHTML 1.0 Transitional//EN"
    "http://www.w3.org/TR/xhtml1/DTD/xhtml1-transitional.dtd">
<html xmlns="http://www.w3.org/1999/xhtml" xml:lang="en" lang="en">
 <head>
  <title>
</title>
<meta http-equiv="Content-Type" content="text/html;charset=utf-8" />
  <meta name='ocr-system' content='tesseract 3.04.00' />
  <meta name='ocr-capabilities' content='ocr_page ocr_carea ocr_par ocr_line ocrx_word'/>
</head>
<body>
  <div class='ocr_page' id='page_1' title='image "./poetaelatinimin01unkngoog_0078.png"; bbox 0 0 2996 4685; ppageno 0'>
   <div class='ocr_carea' id='block_1_1' title="bbox 939 359 2521 459">
    <p class='ocr_par' dir='ltr' id='par_1_1' title="bbox 939 359 2521 459">
     <span class='ocr_line' id='line_1_1' title="bbox 939 359 2521 459; baseline -0.007 -21"><span class='ocrx_word' id='word_1_1' title='bbox 939 369 1533 438; x_wconf 69' lang='lat' dir='ltr'>Em‘rloNEs</span> <span class='ocrx_word' id='word_1_2' title='bbox 1596 364 1981 436; x_wconf 81' lang='lat' dir='ltr'>Av1EN1.</span> <span class='ocrx_word' id='word_1_3' title='bbox 2424 359 2521 459; x_wconf 81' lang='lat'>69</span> 
     </span>
    </p>
   </div>
   <div class='ocr_carea' id='block_1_2' title="bbox 413 490 2538 4189">
    <p class='ocr_par' dir='ltr' id='par_1_2' title="bbox 413 490 2538 4189">
     <span class='ocr_line' id='line_1_2' title="bbox 477 490 2522 586; baseline -0.004 -23"><span class='ocrx_word' id='word_1_4' title='bbox 477 522 522 563; x_wconf 67' lang='lat' dir='ltr'>a</span> <span class='ocrx_word' id='word_1_5' title='bbox 554 519 754 586; x_wconf 87' lang='lat' dir='ltr'>seque</span> <span class='ocrx_word' id='word_1_6' title='bbox 785 497 988 562; x_wconf 84' lang='lat' dir='ltr'>visam</span> <span class='ocrx_word' id='word_1_7' title='bbox 1015 497 1086 560; x_wconf 87' lang='lat' dir='ltr'>in</span> <span class='ocrx_word' id='word_1_8' title='bbox 1107 496 1412 561; x_wconf 84' lang='lat' dir='ltr'>Vaticana</span> <span class='ocrx_word' id='word_1_9' title='bbox 1435 497 1827 563; x_wconf 79' lang='lat' dir='ltr'>bibliotheca</span> <span class='ocrx_word' id='word_1_10' title='bbox 1850 491 2152 558; x_wconf 86' lang='lat' dir='ltr'>adfirmat</span> <span class='ocrx_word' id='word_1_11' title='bbox 2168 539 2187 573; x_wconf 88' lang='lat'><strong>,</strong></span> <span class='ocrx_word' id='word_1_12' title='bbox 2220 490 2522 580; x_wconf 82' lang='lat' dir='ltr'><strong>equidem</strong></span> 
     </span>
     <span class='ocr_line' id='line_1_3' title="bbox 486 595 2525 690; baseline -0.003 -23"><span class='ocrx_word' id='word_1_13' title='bbox 486 604 694 667; x_wconf 86' lang='lat' dir='ltr'>libens</span> <span class='ocrx_word' id='word_1_14' title='bbox 733 603 1160 667; x_wconf 71' lang='lat' dir='ltr'><strong>concesserim</strong></span> <span class='ocrx_word' id='word_1_15' title='bbox 1175 649 1194 684; x_wconf 85' lang='lat'>,</span> <span class='ocrx_word' id='word_1_16' title='bbox 1239 600 1376 666; x_wconf 88' lang='lat' dir='ltr'>fieri</span> <span class='ocrx_word' id='word_1_17' title='bbox 1409 602 1698 690; x_wconf 88' lang='lat' dir='ltr'>potuisse</span> <span class='ocrx_word' id='word_1_18' title='bbox 1718 649 1737 684; x_wconf 85' lang='lat'>,</span> <span class='ocrx_word' id='word_1_19' title='bbox 1773 614 1850 664; x_wconf 90' lang='lat' dir='ltr'>ut</span> <span class='ocrx_word' id='word_1_20' title='bbox 1872 599 2159 664; x_wconf 85' lang='lat' dir='ltr'>Thomas</span> <span class='ocrx_word' id='word_1_21' title='bbox 2196 595 2277 662; x_wconf 76' lang='lat' dir='ltr'>de</span> <span class='ocrx_word' id='word_1_22' title='bbox 2310 595 2525 662; x_wconf 80' lang='lat' dir='ltr'>Blavis</span> 
     </span>
     <span class='ocr_line' id='line_1_4' title="bbox 487 701 2527 772; baseline -0.003 0"><span class='ocrx_word' id='word_1_23' title='bbox 487 709 720 772; x_wconf 84' lang='lat' dir='ltr'>factam</span> <span class='ocrx_word' id='word_1_24' title='bbox 756 707 837 771; x_wconf 88' lang='lat' dir='ltr'>ab</span> <span class='ocrx_word' id='word_1_25' title='bbox 875 707 1162 772; x_wconf 87' lang='lat' dir='ltr'>Antonio</span> <span class='ocrx_word' id='word_1_26' title='bbox 1197 705 1280 769; x_wconf 81' lang='lat' dir='ltr'>de</span> <span class='ocrx_word' id='word_1_27' title='bbox 1317 707 1541 772; x_wconf 74' lang='lat' dir='ltr'>Strata</span> <span class='ocrx_word' id='word_1_28' title='bbox 1576 704 1927 771; x_wconf 78' lang='lat' dir='ltr'>editionem</span> <span class='ocrx_word' id='word_1_29' title='bbox 1963 702 2249 770; x_wconf 87' lang='lat' dir='ltr'>Venetiis</span> <span class='ocrx_word' id='word_1_30' title='bbox 2294 701 2527 768; x_wconf 89' lang='lat' dir='ltr'>eodem</span> 
     </span>
     <span class='ocr_line' id='line_1_5' title="bbox 481 810 2527 904; baseline -0.002 -26"><span class='ocrx_word' id='word_1_31' title='bbox 481 838 663 879; x_wconf 76' lang='lat' dir='ltr'>anno</span> <span class='ocrx_word' id='word_1_32' title='bbox 694 831 1013 904; x_wconf 80' lang='lat' dir='ltr'>repeteret</span> <span class='ocrx_word' id='word_1_33' title='bbox 1028 863 1046 896; x_wconf 91' lang='lat'>,</span> <span class='ocrx_word' id='word_1_34' title='bbox 1083 813 1263 902; x_wconf 84' lang='lat' dir='ltr'>quod</span> <span class='ocrx_word' id='word_1_35' title='bbox 1297 813 1679 901; x_wconf 81' lang='lat' dir='ltr'>exemplaria</span> <span class='ocrx_word' id='word_1_36' title='bbox 1716 813 1895 901; x_wconf 87' lang='lat' dir='ltr'>prius</span> <span class='ocrx_word' id='word_1_37' title='bbox 1932 810 2103 876; x_wconf 83' lang='lat' dir='ltr'>edita</span> <span class='ocrx_word' id='word_1_38' title='bbox 2136 810 2527 900; x_wconf 74' lang='lat' dir='ltr'>scriptorum</span> 
     </span>
     <span class='ocr_line' id='line_1_6' title="bbox 487 915 2527 1012; baseline -0.002 -26"><span class='ocrx_word' id='word_1_39' title='bbox 487 921 700 987; x_wconf 88' lang='lat' dir='ltr'>adhuc</span> <span class='ocrx_word' id='word_1_40' title='bbox 729 922 1210 1012; x_wconf 86' lang='lat' dir='ltr'>incognitorum</span> <span class='ocrx_word' id='word_1_41' title='bbox 1228 969 1248 1004; x_wconf 88' lang='lat'>‚</span> <span class='ocrx_word' id='word_1_42' title='bbox 1284 936 1350 987; x_wconf 92' lang='lat' dir='ltr'>et</span> <span class='ocrx_word' id='word_1_43' title='bbox 1373 919 1559 986; x_wconf 89' lang='lat' dir='ltr'>valde</span> <span class='ocrx_word' id='word_1_44' title='bbox 1589 919 2135 1002; x_wconf 72' lang='lat' dir='ltr'>desiderator-um,</span> <span class='ocrx_word' id='word_1_45' title='bbox 2170 941 2305 983; x_wconf 91' lang='lat' dir='ltr'>non</span> <span class='ocrx_word' id='word_1_46' title='bbox 2342 915 2527 982; x_wconf 86' lang='lat' dir='ltr'>suffi-</span> 
     </span>
     <span class='ocr_line' id='line_1_7' title="bbox 487 1025 2529 1116; baseline -0.002 -24"><span class='ocrx_word' id='word_1_47' title='bbox 487 1051 634 1092; x_wconf 86' lang='lat' dir='ltr'>cere</span> <span class='ocrx_word' id='word_1_48' title='bbox 685 1027 1092 1093; x_wconf 83' lang='lat' dir='ltr'><strong>multitudini</strong></span> <span class='ocrx_word' id='word_1_49' title='bbox 1147 1042 1518 1116; x_wconf 87' lang='lat' dir='ltr'>emptorum</span> <span class='ocrx_word' id='word_1_50' title='bbox 1568 1025 1963 1092; x_wconf 91' lang='lat' dir='ltr'>viderentur.</span> <span class='ocrx_word' id='word_1_51' title='bbox 2010 1025 2138 1090; x_wconf 88' lang='lat' dir='ltr'>Sed</span> <span class='ocrx_word' id='word_1_52' title='bbox 2192 1040 2409 1106; x_wconf 80' lang='lat' dir='ltr'>tamen</span> <span class='ocrx_word' id='word_1_53' title='bbox 2462 1037 2529 1088; x_wconf 90' lang='lat' dir='ltr'>et</span> 
     </span>
     <span class='ocr_line' id='line_1_8' title="bbox 487 1130 2529 1224; baseline -0.002 -26"><span class='ocrx_word' id='word_1_54' title='bbox 487 1134 671 1199; x_wconf 81' lang='lat' dir='ltr'>facile</span> <span class='ocrx_word' id='word_1_55' title='bbox 701 1135 1012 1224; x_wconf 86' lang='lat' dir='ltr'>suspicari</span> <span class='ocrx_word' id='word_1_56' title='bbox 1035 1133 1224 1221; x_wconf 83' lang='lat' dir='ltr'>potui</span> <span class='ocrx_word' id='word_1_57' title='bbox 1239 1182 1256 1210; x_wconf 85' lang='lat'>‚</span> <span class='ocrx_word' id='word_1_58' title='bbox 1290 1155 1495 1220; x_wconf 88' lang='lat' dir='ltr'>quum</span> <span class='ocrx_word' id='word_1_59' title='bbox 1528 1132 1846 1198; x_wconf 90' lang='lat' dir='ltr'>Avienum</span> <span class='ocrx_word' id='word_1_60' title='bbox 1876 1155 1913 1196; x_wconf 88' lang='lat' dir='ltr'>a</span> <span class='ocrx_word' id='word_1_61' title='bbox 1933 1131 2185 1198; x_wconf 82' lang='lat' dir='ltr'>Thema</span> <span class='ocrx_word' id='word_1_62' title='bbox 2209 1131 2291 1196; x_wconf 83' lang='lat' dir='ltr'>de</span> <span class='ocrx_word' id='word_1_63' title='bbox 2313 1130 2529 1196; x_wconf 75' lang='lat' dir='ltr'>Blavis</span> 
     </span>
     <span class='ocr_line' id='line_1_9' title="bbox 487 1234 2530 1329; baseline -0.002 -26"><span class='ocrx_word' id='word_1_64' title='bbox 487 1239 878 1328; x_wconf 86' lang='lat' dir='ltr'>impressum</span> <span class='ocrx_word' id='word_1_65' title='bbox 903 1262 1098 1304; x_wconf 89' lang='lat' dir='ltr'>nemo</span> <span class='ocrx_word' id='word_1_66' title='bbox 1123 1237 1339 1304; x_wconf 85' lang='lat' dir='ltr'>adhuc</span> <span class='ocrx_word' id='word_1_67' title='bbox 1364 1237 1741 1329; x_wconf 87' lang='lat' dir='ltr'>cognoverit</span> <span class='ocrx_word' id='word_1_68' title='bbox 1756 1287 1775 1322; x_wconf 89' lang='lat'>,</span> <span class='ocrx_word' id='word_1_69' title='bbox 1810 1239 1977 1305; x_wconf 83' lang='lat' dir='ltr'>forte</span> <span class='ocrx_word' id='word_1_70' title='bbox 2003 1261 2221 1303; x_wconf 84' lang='lat' dir='ltr'>errore</span> <span class='ocrx_word' id='word_1_71' title='bbox 2244 1234 2530 1325; x_wconf 85' lang='lat' dir='ltr'>quodam</span> 
     </span>
     <span class='ocr_line' id='line_1_10' title="bbox 483 1341 2532 1435; baseline -0.001 -27"><span class='ocrx_word' id='word_1_72' title='bbox 483 1343 836 1435; x_wconf 87' lang='lat' dir='ltr'>deceptum</span> <span class='ocrx_word' id='word_1_73' title='bbox 861 1369 999 1410; x_wconf 86' lang='lat' dir='ltr'>esse</span> <span class='ocrx_word' id='word_1_74' title='bbox 1025 1345 1378 1411; x_wconf 88' lang='lat' dir='ltr'>Antonium</span> <span class='ocrx_word' id='word_1_75' title='bbox 1395 1393 1414 1428; x_wconf 87' lang='lat'>‚</span> <span class='ocrx_word' id='word_1_76' title='bbox 1435 1343 1550 1433; x_wconf 84' lang='lat' dir='ltr'>qui</span> <span class='ocrx_word' id='word_1_77' title='bbox 1574 1343 1954 1433; x_wconf 81' lang='lat' dir='ltr'>scriptorem</span> <span class='ocrx_word' id='word_1_78' title='bbox 1974 1343 2205 1426; x_wconf 82' lang='lat' dir='ltr'>alium,</span> <span class='ocrx_word' id='word_1_79' title='bbox 2228 1341 2532 1408; x_wconf 83' lang='lat' dir='ltr'>aThoma</span> 
     </span>
     <span class='ocr_line' id='line_1_11' title="bbox 483 1447 2531 1539; baseline 0 -26"><span class='ocrx_word' id='word_1_80' title='bbox 483 1447 565 1513; x_wconf 73' lang='lat' dir='ltr'>de</span> <span class='ocrx_word' id='word_1_81' title='bbox 608 1450 824 1516; x_wconf 79' lang='lat' dir='ltr'>Blavis</span> <span class='ocrx_word' id='word_1_82' title='bbox 864 1474 1039 1515; x_wconf 86' lang='lat' dir='ltr'>anno</span> <span class='ocrx_word' id='word_1_83' title='bbox 1084 1448 1249 1529; x_wconf 79' lang='lat'>1488</span> <span class='ocrx_word' id='word_1_84' title='bbox 1278 1449 1565 1515; x_wconf 84' lang='lat' dir='ltr'>Venetiis</span> <span class='ocrx_word' id='word_1_85' title='bbox 1601 1451 2025 1539; x_wconf 87' lang='lat' dir='ltr'>impressum,</span> <span class='ocrx_word' id='word_1_86' title='bbox 2070 1450 2238 1514; x_wconf 88' lang='lat' dir='ltr'>forte</span> <span class='ocrx_word' id='word_1_87' title='bbox 2282 1471 2420 1513; x_wconf 90' lang='lat' dir='ltr'>uno</span> <span class='ocrx_word' id='word_1_88' title='bbox 2462 1448 2531 1513; x_wconf 85' lang='lat' dir='ltr'>in</span> 
     </span>
     <span class='ocr_line' id='line_1_12' title="bbox 487 1553 2533 1646; baseline -0.002 -25"><span class='ocrx_word' id='word_1_89' title='bbox 487 1554 713 1621; x_wconf 83' lang='lat' dir='ltr'>codice</span> <span class='ocrx_word' id='word_1_90' title='bbox 749 1579 900 1622; x_wconf 90' lang='lat' dir='ltr'>cum</span> <span class='ocrx_word' id='word_1_91' title='bbox 947 1559 1192 1622; x_wconf 82' lang='lat' dir='ltr'>Avieno</span> <span class='ocrx_word' id='word_1_92' title='bbox 1229 1558 1659 1639; x_wconf 86' lang='lat' dir='ltr'>conjunctum</span> <span class='ocrx_word' id='word_1_93' title='bbox 1701 1572 2059 1646; x_wconf 81' lang='lat' dir='ltr'>repererat,</span> <span class='ocrx_word' id='word_1_94' title='bbox 2095 1555 2365 1645; x_wconf 87' lang='lat' dir='ltr'>ejusque</span> <span class='ocrx_word' id='word_1_95' title='bbox 2408 1553 2533 1617; x_wconf 90' lang='lat' dir='ltr'>im-</span> 
     </span>
     <span class='ocr_line' id='line_1_13' title="bbox 487 1661 2533 1752; baseline -0.002 -24"><span class='ocrx_word' id='word_1_96' title='bbox 487 1685 848 1752; x_wconf 84' lang='lat' dir='ltr'>pressorem</span> <span class='ocrx_word' id='word_1_97' title='bbox 869 1712 890 1746; x_wconf 87' lang='lat'>‚</span> <span class='ocrx_word' id='word_1_98' title='bbox 928 1664 999 1727; x_wconf 91' lang='lat' dir='ltr'>in</span> <span class='ocrx_word' id='word_1_99' title='bbox 1049 1663 1418 1752; x_wconf 87' lang='lat' dir='ltr'>subscripto</span> <span class='ocrx_word' id='word_1_100' title='bbox 1459 1662 1672 1728; x_wconf 86' lang='lat' dir='ltr'>indice</span> <span class='ocrx_word' id='word_1_101' title='bbox 1712 1663 2121 1728; x_wconf 81' lang='lat' dir='ltr'>nominatum</span> <span class='ocrx_word' id='word_1_102' title='bbox 2142 1709 2161 1744; x_wconf 85' lang='lat'><strong>,</strong></span> <span class='ocrx_word' id='word_1_103' title='bbox 2200 1661 2282 1726; x_wconf 82' lang='lat' dir='ltr'>ad</span> <span class='ocrx_word' id='word_1_104' title='bbox 2316 1661 2533 1751; x_wconf 82' lang='lat' dir='ltr'>priora</span> 
     </span>
     <span class='ocr_line' id='line_1_14' title="bbox 483 1767 2529 1859; baseline -0.001 -27"><span class='ocrx_word' id='word_1_105' title='bbox 483 1769 756 1853; x_wconf 87' lang='lat' dir='ltr'>Avieni,</span> <span class='ocrx_word' id='word_1_106' title='bbox 812 1770 1003 1858; x_wconf 82' lang='lat' dir='ltr'>eique</span> <span class='ocrx_word' id='word_1_107' title='bbox 1063 1769 1364 1851; x_wconf 83' lang='lat' dir='ltr'>adjuncta</span> <span class='ocrx_word' id='word_1_108' title='bbox 1420 1769 1733 1859; x_wconf 87' lang='lat' dir='ltr'>opuscula</span> <span class='ocrx_word' id='word_1_109' title='bbox 1792 1769 2114 1858; x_wconf 83' lang='lat' dir='ltr'>pertinere</span> <span class='ocrx_word' id='word_1_110' title='bbox 2166 1767 2529 1857; x_wconf 81' lang='lat' dir='ltr'>reputabat.</span> 
     </span>
     <span class='ocr_line' id='line_1_15' title="bbox 487 1872 2530 1962; baseline -0.001 -24"><span class='ocrx_word' id='word_1_111' title='bbox 487 1875 936 1962; x_wconf 85' lang='lat' dir='ltr'>Suspicionem</span> <span class='ocrx_word' id='word_1_112' title='bbox 971 1898 1180 1942; x_wconf 86' lang='lat' dir='ltr'>meam</span> <span class='ocrx_word' id='word_1_113' title='bbox 1210 1874 1476 1956; x_wconf 82' lang='lat' dir='ltr'>juvabat</span> <span class='ocrx_word' id='word_1_114' title='bbox 1495 1922 1516 1955; x_wconf 84' lang='lat'>,</span> <span class='ocrx_word' id='word_1_115' title='bbox 1548 1872 1730 1962; x_wconf 87' lang='lat' dir='ltr'>quod</span> <span class='ocrx_word' id='word_1_116' title='bbox 1760 1875 1902 1940; x_wconf 86' lang='lat' dir='ltr'>Nic.</span> <span class='ocrx_word' id='word_1_117' title='bbox 1927 1874 2253 1939; x_wconf 88' lang='lat' dir='ltr'>Antonius</span> <span class='ocrx_word' id='word_1_118' title='bbox 2282 1895 2530 1937; x_wconf 90' lang='lat' dir='ltr'>memo-</span> 
     </span>
     <span class='ocr_line' id='line_1_16' title="bbox 487 1976 2533 2067; baseline -0 -25"><span class='ocrx_word' id='word_1_119' title='bbox 487 1995 619 2056; x_wconf 84' lang='lat' dir='ltr'>rat,</span> <span class='ocrx_word' id='word_1_120' title='bbox 648 1982 716 2042; x_wconf 84' lang='lat' dir='ltr'>in</span> <span class='ocrx_word' id='word_1_121' title='bbox 744 1978 1030 2044; x_wconf 85' lang='lat' dir='ltr'>editione</span> <span class='ocrx_word' id='word_1_122' title='bbox 1053 1980 1323 2044; x_wconf 85' lang='lat' dir='ltr'>Thomae</span> <span class='ocrx_word' id='word_1_123' title='bbox 1353 1979 1432 2042; x_wconf 72' lang='lat' dir='ltr'>de</span> <span class='ocrx_word' id='word_1_124' title='bbox 1469 1979 1677 2043; x_wconf 75' lang='lat' dir='ltr'>Blavis</span> <span class='ocrx_word' id='word_1_125' title='bbox 1702 1977 2063 2067; x_wconf 81' lang='lat' dir='ltr'>praecedere</span> <span class='ocrx_word' id='word_1_126' title='bbox 2096 1977 2361 2066; x_wconf 89' lang='lat' dir='ltr'>quidem</span> <span class='ocrx_word' id='word_1_127' title='bbox 2393 1976 2533 2065; x_wconf 90' lang='lat' dir='ltr'>epi-</span> 
     </span>
     <span class='ocr_line' id='line_1_17' title="bbox 489 2083 2535 2173; baseline 0 -25"><span class='ocrx_word' id='word_1_128' title='bbox 489 2085 718 2150; x_wconf 88' lang='lat' dir='ltr'>stolam</span> <span class='ocrx_word' id='word_1_129' title='bbox 754 2083 1033 2151; x_wconf 84' lang='lat' dir='ltr'>Victoris</span> <span class='ocrx_word' id='word_1_130' title='bbox 1067 2085 1316 2168; x_wconf 84' lang='lat' dir='ltr'>Pisani,</span> <span class='ocrx_word' id='word_1_131' title='bbox 1355 2107 1501 2173; x_wconf 79' lang='lat' dir='ltr'>quae</span> <span class='ocrx_word' id='word_1_132' title='bbox 1537 2085 1604 2148; x_wconf 90' lang='lat' dir='ltr'>in</span> <span class='ocrx_word' id='word_1_133' title='bbox 1650 2085 1847 2150; x_wconf 91' lang='lat' dir='ltr'>altera</span> <span class='ocrx_word' id='word_1_134' title='bbox 1893 2084 2161 2150; x_wconf 83' lang='lat' dir='ltr'>Antonii</span> <span class='ocrx_word' id='word_1_135' title='bbox 2198 2083 2279 2149; x_wconf 84' lang='lat' dir='ltr'>de</span> <span class='ocrx_word' id='word_1_136' title='bbox 2312 2083 2535 2148; x_wconf 81' lang='lat' dir='ltr'>Strata</span> 
     </span>
     <span class='ocr_line' id='line_1_18' title="bbox 487 2189 2535 2274; baseline 0 -21"><span class='ocrx_word' id='word_1_137' title='bbox 487 2204 586 2254; x_wconf 87' lang='lat' dir='ltr'>est</span> <span class='ocrx_word' id='word_1_138' title='bbox 605 2239 624 2274; x_wconf 86' lang='lat'>,</span> <span class='ocrx_word' id='word_1_139' title='bbox 661 2189 775 2254; x_wconf 91' lang='lat' dir='ltr'>sed</span> <span class='ocrx_word' id='word_1_140' title='bbox 814 2212 967 2255; x_wconf 91' lang='lat' dir='ltr'>cum</span> <span class='ocrx_word' id='word_1_141' title='bbox 998 2191 1246 2255; x_wconf 83' lang='lat' dir='ltr'>Arateis</span> <span class='ocrx_word' id='word_1_142' title='bbox 1284 2189 1647 2258; x_wconf 80' lang='lat' dir='ltr'>Germanici</span> <span class='ocrx_word' id='word_1_143' title='bbox 1691 2207 1756 2256; x_wconf 90' lang='lat' dir='ltr'>et</span> <span class='ocrx_word' id='word_1_144' title='bbox 1792 2190 2160 2272; x_wconf 77' lang='lat' dir='ltr'>Ciceronis,</span> <span class='ocrx_word' id='word_1_145' title='bbox 2209 2205 2275 2254; x_wconf 90' lang='lat' dir='ltr'>et</span> <span class='ocrx_word' id='word_1_146' title='bbox 2310 2189 2535 2256; x_wconf 86' lang='lat' dir='ltr'>Sereni</span> 
     </span>
     <span class='ocr_line' id='line_1_19' title="bbox 487 2295 2535 2387; baseline 0.001 -26"><span class='ocrx_word' id='word_1_147' title='bbox 487 2295 810 2361; x_wconf 83' lang='lat' dir='ltr'>Samonici</span> <span class='ocrx_word' id='word_1_148' title='bbox 841 2318 1039 2385; x_wconf 87' lang='lat' dir='ltr'>opere</span> <span class='ocrx_word' id='word_1_149' title='bbox 1067 2295 1358 2381; x_wconf 87' lang='lat' dir='ltr'>medico,</span> <span class='ocrx_word' id='word_1_150' title='bbox 1385 2318 1515 2361; x_wconf 77' lang='lat' dir='ltr'>una</span> <span class='ocrx_word' id='word_1_151' title='bbox 1544 2295 1924 2377; x_wconf 85' lang='lat' dir='ltr'>adjunctum</span> <span class='ocrx_word' id='word_1_152' title='bbox 1954 2296 2198 2371; x_wconf 82' lang='lat' dir='ltr'>Avieno</span> <span class='ocrx_word' id='word_1_153' title='bbox 2234 2318 2374 2364; x_wconf 82' lang='lat' dir='ltr'>esse</span> <span class='ocrx_word' id='word_1_154' title='bbox 2406 2297 2535 2387; x_wconf 79' lang='lat' dir='ltr'>Hy·</span> 
     </span>
     <span class='ocr_line' id='line_1_20' title="bbox 487 2404 2535 2494; baseline 0.001 -27"><span class='ocrx_word' id='word_1_155' title='bbox 487 2404 624 2493; x_wconf 86' lang='lat' dir='ltr'>gim</span> <span class='ocrx_word' id='word_1_156' title='bbox 673 2406 1174 2470; x_wconf 84' lang='lat' dir='ltr'>Astronomicon</span> <span class='ocrx_word' id='word_1_157' title='bbox 1194 2452 1214 2487; x_wconf 88' lang='lat'>‚</span> <span class='ocrx_word' id='word_1_158' title='bbox 1277 2404 1459 2494; x_wconf 88' lang='lat' dir='ltr'>quod</span> <span class='ocrx_word' id='word_1_159' title='bbox 1504 2404 1573 2467; x_wconf 91' lang='lat' dir='ltr'>in</span> <span class='ocrx_word' id='word_1_160' title='bbox 1624 2404 2096 2493; x_wconf 78' lang='lat' dir='ltr'>exemplaribus</span> <span class='ocrx_word' id='word_1_161' title='bbox 2137 2404 2410 2469; x_wconf 84' lang='lat' dir='ltr'>Antonii</span> <span class='ocrx_word' id='word_1_162' title='bbox 2454 2404 2535 2469; x_wconf 80' lang='lat' dir='ltr'>de</span> 
     </span>
     <span class='ocr_line' id='line_1_21' title="bbox 485 2510 2531 2602; baseline 0 -27"><span class='ocrx_word' id='word_1_163' title='bbox 485 2510 708 2575; x_wconf 79' lang='lat' dir='ltr'>Strata</span> <span class='ocrx_word' id='word_1_164' title='bbox 735 2534 871 2576; x_wconf 90' lang='lat' dir='ltr'>non</span> <span class='ocrx_word' id='word_1_165' title='bbox 909 2529 1026 2579; x_wconf 88' lang='lat' dir='ltr'>est.</span> <span class='ocrx_word' id='word_1_166' title='bbox 1057 2512 1410 2577; x_wconf 88' lang='lat' dir='ltr'>Enimvero</span> <span class='ocrx_word' id='word_1_167' title='bbox 1441 2512 1721 2578; x_wconf 83' lang='lat' dir='ltr'>sciebam</span> <span class='ocrx_word' id='word_1_168' title='bbox 1757 2513 1998 2602; x_wconf 77' lang='lat' dir='ltr'>Hygini</span> <span class='ocrx_word' id='word_1_169' title='bbox 2028 2512 2531 2578; x_wconf 77' lang='lat' dir='ltr'>Astronomicon</span> 
     </span>
     <span class='ocr_line' id='line_1_22' title="bbox 489 2615 2532 2708; baseline 0.002 -29"><span class='ocrx_word' id='word_1_170' title='bbox 489 2615 720 2680; x_wconf 90' lang='lat' dir='ltr'>eodem</span> <span class='ocrx_word' id='word_1_171' title='bbox 766 2639 940 2682; x_wconf 89' lang='lat' dir='ltr'>anno</span> <span class='ocrx_word' id='word_1_172' title='bbox 983 2616 1149 2699; x_wconf 77' lang='lat'>1488</span> <span class='ocrx_word' id='word_1_173' title='bbox 1176 2617 1463 2683; x_wconf 86' lang='lat' dir='ltr'>Venetiis</span> <span class='ocrx_word' id='word_1_174' title='bbox 1508 2617 1824 2706; x_wconf 86' lang='lat' dir='ltr'>prodiisse</span> <span class='ocrx_word' id='word_1_175' title='bbox 1844 2666 1863 2701; x_wconf 89' lang='lat'>,</span> <span class='ocrx_word' id='word_1_176' title='bbox 1916 2617 2117 2705; x_wconf 88' lang='lat' dir='ltr'>idque</span> <span class='ocrx_word' id='word_1_177' title='bbox 2164 2620 2532 2708; x_wconf 87' lang='lat' dir='ltr'>exemplum</span> 
     </span>
     <span class='ocr_line' id='line_1_23' title="bbox 491 2722 2538 2815; baseline 0.002 -28"><span class='ocrx_word' id='word_1_178' title='bbox 491 2744 917 2811; x_wconf 84' lang='lat' dir='ltr'>cognoveram</span> <span class='ocrx_word' id='word_1_179' title='bbox 952 2722 1166 2788; x_wconf 88' lang='lat' dir='ltr'>virum</span> <span class='ocrx_word' id='word_1_180' title='bbox 1194 2724 1427 2789; x_wconf 88' lang='lat' dir='ltr'>clariss.</span> <span class='ocrx_word' id='word_1_181' title='bbox 1453 2723 1745 2815; x_wconf 85' lang='lat' dir='ltr'>mihique</span> <span class='ocrx_word' id='word_1_182' title='bbox 1772 2724 2167 2813; x_wconf 78' lang='lat' dir='ltr'>pet-amicum</span> <span class='ocrx_word' id='word_1_183' title='bbox 2184 2772 2204 2809; x_wconf 86' lang='lat'><strong>,</strong></span> <span class='ocrx_word' id='word_1_184' title='bbox 2227 2726 2285 2791; x_wconf 84' lang='lat' dir='ltr'>J.</span> <span class='ocrx_word' id='word_1_185' title='bbox 2312 2726 2395 2791; x_wconf 90' lang='lat' dir='ltr'>N.</span> <span class='ocrx_word' id='word_1_186' title='bbox 2420 2726 2483 2791; x_wconf 88' lang='lat' dir='ltr'>N</span> <span class='ocrx_word' id='word_1_187' title='bbox 2487 2725 2538 2790; x_wconf 90' lang='lat' dir='ltr'>i·</span> 
     </span>
     <span class='ocr_line' id='line_1_24' title="bbox 491 2826 2533 2918; baseline 0.003 -27"><span class='ocrx_word' id='word_1_188' title='bbox 491 2826 756 2891; x_wconf 87' lang='lat' dir='ltr'>clasium</span> <span class='ocrx_word' id='word_1_189' title='bbox 773 2876 793 2910; x_wconf 87' lang='lat'><strong>,</strong></span> <span class='ocrx_word' id='word_1_190' title='bbox 819 2828 1008 2917; x_wconf 85' lang='lat' dir='ltr'>Lycei</span> <span class='ocrx_word' id='word_1_191' title='bbox 1037 2828 1563 2918; x_wconf 89' lang='lat' dir='ltr'>Luneburgensis</span> <span class='ocrx_word' id='word_1_192' title='bbox 1598 2830 1939 2895; x_wconf 84' lang='lat' dir='ltr'>Rectorem</span> <span class='ocrx_word' id='word_1_193' title='bbox 1962 2877 1981 2910; x_wconf 85' lang='lat'><strong>,</strong></span> <span class='ocrx_word' id='word_1_194' title='bbox 2019 2828 2367 2918; x_wconf 84' lang='lat' dir='ltr'>possidere.</span> <span class='ocrx_word' id='word_1_195' title='bbox 2400 2832 2533 2915; x_wconf 89' lang='lat' dir='ltr'>Qui</span> 
     </span>
     <span class='ocr_line' id='line_1_25' title="bbox 413 2933 2535 3025; baseline 0.004 -29"><span class='ocrx_word' id='word_1_196' title='bbox 413 3006 420 3015; x_wconf 42' lang='lat'>‚</span> <span class='ocrx_word' id='word_1_197' title='bbox 493 2955 699 3021; x_wconf 84' lang='lat' dir='ltr'>quum</span> <span class='ocrx_word' id='word_1_198' title='bbox 764 2933 925 2998; x_wconf 88' lang='lat' dir='ltr'>illud</span> <span class='ocrx_word' id='word_1_199' title='bbox 991 2950 1254 3025; x_wconf 80' lang='lat' dir='ltr'>rogatus</span> <span class='ocrx_word' id='word_1_200' title='bbox 1307 2956 1563 2999; x_wconf 86' lang='lat' dir='ltr'>mecum</span> <span class='ocrx_word' id='word_1_201' title='bbox 1616 2936 2155 3000; x_wconf 79' lang='lat' dir='ltr'>communicasset</span> <span class='ocrx_word' id='word_1_202' title='bbox 2174 2984 2191 3017; x_wconf 89' lang='lat'><strong>,</strong></span> <span class='ocrx_word' id='word_1_203' title='bbox 2247 2937 2535 3004; x_wconf 85' lang='lat' dir='ltr'>intellexi</span> 
     </span>
     <span class='ocr_line' id='line_1_26' title="bbox 491 3038 2533 3128; baseline 0.003 -25"><span class='ocrx_word' id='word_1_204' title='bbox 491 3038 681 3127; x_wconf 83' lang='lat' dir='ltr'>plane</span> <span class='ocrx_word' id='word_1_205' title='bbox 715 3040 804 3104; x_wconf 88' lang='lat' dir='ltr'>ita</span> <span class='ocrx_word' id='word_1_206' title='bbox 836 3062 1009 3122; x_wconf 85' lang='lat' dir='ltr'>esse,</span> <span class='ocrx_word' id='word_1_207' title='bbox 1042 3040 1140 3105; x_wconf 90' lang='lat' dir='ltr'>uti</span> <span class='ocrx_word' id='word_1_208' title='bbox 1169 3039 1420 3128; x_wconf 88' lang='lat' dir='ltr'>pridem</span> <span class='ocrx_word' id='word_1_209' title='bbox 1454 3040 1873 3121; x_wconf 81' lang='lat' dir='ltr'>conjeceram.</span> <span class='ocrx_word' id='word_1_210' title='bbox 1911 3040 2062 3107; x_wconf 89' lang='lat' dir='ltr'>Vidi</span> <span class='ocrx_word' id='word_1_211' title='bbox 2104 3064 2253 3107; x_wconf 89' lang='lat' dir='ltr'>eum</span> <span class='ocrx_word' id='word_1_212' title='bbox 2291 3043 2533 3110; x_wconf 86' lang='lat' dir='ltr'>librum</span> 
     </span>
     <span class='ocr_line' id='line_1_27' title="bbox 493 3143 2531 3233; baseline 0.003 -25"><span class='ocrx_word' id='word_1_213' title='bbox 493 3143 734 3233; x_wconf 77' lang='lat' dir='ltr'>Hygini</span> <span class='ocrx_word' id='word_1_214' title='bbox 770 3146 990 3211; x_wconf 87' lang='lat' dir='ltr'>eadem</span> <span class='ocrx_word' id='word_1_215' title='bbox 1027 3147 1234 3212; x_wconf 83' lang='lat' dir='ltr'>forma</span> <span class='ocrx_word' id='word_1_216' title='bbox 1278 3162 1343 3211; x_wconf 89' lang='lat' dir='ltr'>et</span> <span class='ocrx_word' id='word_1_217' title='bbox 1391 3146 1671 3229; x_wconf 88' lang='lat' dir='ltr'>ratione,</span> <span class='ocrx_word' id='word_1_218' title='bbox 1709 3169 1835 3233; x_wconf 88' lang='lat' dir='ltr'>qua</span> <span class='ocrx_word' id='word_1_219' title='bbox 1866 3147 2087 3211; x_wconf 88' lang='lat' dir='ltr'>Avieni</span> <span class='ocrx_word' id='word_1_220' title='bbox 2124 3163 2191 3211; x_wconf 92' lang='lat' dir='ltr'>et</span> <span class='ocrx_word' id='word_1_221' title='bbox 2230 3148 2531 3229; x_wconf 85' lang='lat' dir='ltr'>adjuncta</span> 
     </span>
     <span class='ocr_line' id='line_1_28' title="bbox 491 3253 2532 3341; baseline 0.003 -28"><span class='ocrx_word' id='word_1_222' title='bbox 491 3272 716 3338; x_wconf 84' lang='lat' dir='ltr'>opera,</span> <span class='ocrx_word' id='word_1_223' title='bbox 753 3276 1060 3319; x_wconf 79' lang='lat' dir='ltr'>excusum</span> <span class='ocrx_word' id='word_1_224' title='bbox 1110 3274 1286 3335; x_wconf 84' lang='lat' dir='ltr'>esse,</span> <span class='ocrx_word' id='word_1_225' title='bbox 1332 3253 1539 3318; x_wconf 87' lang='lat' dir='ltr'>simile</span> <span class='ocrx_word' id='word_1_226' title='bbox 1582 3253 1947 3317; x_wconf 84' lang='lat' dir='ltr'>chartarum</span> <span class='ocrx_word' id='word_1_227' title='bbox 1998 3274 2237 3341; x_wconf 87' lang='lat' dir='ltr'>genus,</span> <span class='ocrx_word' id='word_1_228' title='bbox 2280 3254 2532 3320; x_wconf 86' lang='lat' dir='ltr'>octonis</span> 
     </span>
     <span class='ocr_line' id='line_1_29' title="bbox 492 3354 2531 3447; baseline 0.004 -29"><span class='ocrx_word' id='word_1_229' title='bbox 492 3354 701 3439; x_wconf 82' lang='lat' dir='ltr'>foliis,</span> <span class='ocrx_word' id='word_1_230' title='bbox 741 3358 978 3424; x_wconf 86' lang='lat' dir='ltr'>similes</span> <span class='ocrx_word' id='word_1_231' title='bbox 1014 3359 1224 3422; x_wconf 83' lang='lat' dir='ltr'>literas</span> <span class='ocrx_word' id='word_1_232' title='bbox 1261 3374 1327 3423; x_wconf 90' lang='lat' dir='ltr'>et</span> <span class='ocrx_word' id='word_1_233' title='bbox 1358 3374 1543 3423; x_wconf 89' lang='lat' dir='ltr'>notas</span> <span class='ocrx_word' id='word_1_234' title='bbox 1580 3357 1957 3447; x_wconf 87' lang='lat' dir='ltr'>paginarum</span> <span class='ocrx_word' id='word_1_235' title='bbox 1993 3356 2267 3440; x_wconf 83' lang='lat' dir='ltr'>habere3</span> <span class='ocrx_word' id='word_1_236' title='bbox 2302 3358 2531 3427; x_wconf 83' lang='lat' dir='ltr'>folium</span> 
     </span>
     <span class='ocr_line' id='line_1_30' title="bbox 489 3462 2533 3550; baseline 0.003 -24"><span class='ocrx_word' id='word_1_237' title='bbox 489 3462 774 3549; x_wconf 85' lang='lat' dir='ltr'>primum</span> <span class='ocrx_word' id='word_1_238' title='bbox 805 3465 1004 3531; x_wconf 87' lang='lat' dir='ltr'>literis</span> <span class='ocrx_word' id='word_1_239' title='bbox 1033 3487 1312 3530; x_wconf 88' lang='lat' dir='ltr'>vacuum</span> <span class='ocrx_word' id='word_1_240' title='bbox 1351 3480 1416 3529; x_wconf 91' lang='lat' dir='ltr'>et</span> <span class='ocrx_word' id='word_1_241' title='bbox 1445 3464 1625 3527; x_wconf 89' lang='lat' dir='ltr'>nullo</span> <span class='ocrx_word' id='word_1_242' title='bbox 1658 3462 1981 3550; x_wconf 86' lang='lat' dir='ltr'>signatum</span> <span class='ocrx_word' id='word_1_243' title='bbox 2019 3462 2212 3528; x_wconf 88' lang='lat' dir='ltr'>titulo</span> <span class='ocrx_word' id='word_1_244' title='bbox 2242 3486 2416 3549; x_wconf 85' lang='lat' dir='ltr'>esse,</span> <span class='ocrx_word' id='word_1_245' title='bbox 2455 3486 2533 3536; x_wconf 89' lang='lat' dir='ltr'>ut</span> 
     </span>
     <span class='ocr_line' id='line_1_31' title="bbox 492 3566 2530 3661; baseline 0.004 -31"><span class='ocrx_word' id='word_1_246' title='bbox 492 3568 559 3631; x_wconf 93' lang='lat' dir='ltr'>in</span> <span class='ocrx_word' id='word_1_247' title='bbox 596 3571 820 3637; x_wconf 88' lang='lat' dir='ltr'>Avieni</span> <span class='ocrx_word' id='word_1_248' title='bbox 855 3571 1181 3661; x_wconf 89' lang='lat' dir='ltr'>opusculis</span> <span class='ocrx_word' id='word_1_249' title='bbox 1217 3572 1489 3660; x_wconf 84' lang='lat' dir='ltr'>pariter,</span> <span class='ocrx_word' id='word_1_250' title='bbox 1536 3586 1602 3635; x_wconf 93' lang='lat' dir='ltr'>et</span> <span class='ocrx_word' id='word_1_251' title='bbox 1645 3569 1713 3632; x_wconf 91' lang='lat' dir='ltr'>in</span> <span class='ocrx_word' id='word_1_252' title='bbox 1759 3566 2126 3633; x_wconf 88' lang='lat' dir='ltr'>Germanici</span> <span class='ocrx_word' id='word_1_253' title='bbox 2171 3570 2420 3637; x_wconf 82' lang='lat' dir='ltr'>Arateis</span> <span class='ocrx_word' id='word_1_254' title='bbox 2474 3576 2530 3639; x_wconf 91' lang='lat' dir='ltr'>ei</span> 
     </span>
     <span class='ocr_line' id='line_1_32' title="bbox 492 3670 2527 3765; baseline 0.003 -27"><span class='ocrx_word' id='word_1_255' title='bbox 492 3674 812 3756; x_wconf 84' lang='lat' dir='ltr'>adjunctis</span> <span class='ocrx_word' id='word_1_256' title='bbox 855 3679 1096 3743; x_wconf 84' lang='lat' dir='ltr'>factum</span> <span class='ocrx_word' id='word_1_257' title='bbox 1147 3692 1264 3743; x_wconf 90' lang='lat' dir='ltr'>est.</span> <span class='ocrx_word' id='word_1_258' title='bbox 1325 3678 1624 3765; x_wconf 87' lang='lat' dir='ltr'>Denique</span> <span class='ocrx_word' id='word_1_259' title='bbox 1668 3688 1816 3762; x_wconf 86' lang='lat' dir='ltr'>post</span> <span class='ocrx_word' id='word_1_260' title='bbox 1864 3670 2057 3739; x_wconf 86' lang='lat' dir='ltr'>finem</span> <span class='ocrx_word' id='word_1_261' title='bbox 2112 3674 2258 3741; x_wconf 88' lang='lat' dir='ltr'>libri</span> <span class='ocrx_word' id='word_1_262' title='bbox 2305 3678 2527 3746; x_wconf 82' lang='lat' dir='ltr'>addito</span> 
     </span>
     <span class='ocr_line' id='line_1_33' title="bbox 495 3778 2527 3873; baseline 0.002 -28"><span class='ocrx_word' id='word_1_263' title='bbox 495 3783 760 3847; x_wconf 88' lang='lat' dir='ltr'>carmini</span> <span class='ocrx_word' id='word_1_264' title='bbox 797 3783 1074 3873; x_wconf 86' lang='lat' dir='ltr'>elegiaco</span> <span class='ocrx_word' id='word_1_265' title='bbox 1101 3782 1318 3849; x_wconf 84' lang='lat' dir='ltr'>Jacobi</span> <span class='ocrx_word' id='word_1_266' title='bbox 1350 3780 1602 3847; x_wconf 89' lang='lat' dir='ltr'>Sentini</span> <span class='ocrx_word' id='word_1_267' title='bbox 1635 3778 2027 3861; x_wconf 83' lang='lat' dir='ltr'>Ricinensis,</span> <span class='ocrx_word' id='word_1_268' title='bbox 2050 3802 2183 3869; x_wconf 89' lang='lat' dir='ltr'>quo</span> <span class='ocrx_word' id='word_1_269' title='bbox 2205 3798 2527 3849; x_wconf 82' lang='lat' dir='ltr'>astrorum</span> 
     </span>
     <span class='ocr_line' id='line_1_34' title="bbox 497 3884 2530 3976; baseline 0.002 -27"><span class='ocrx_word' id='word_1_270' title='bbox 497 3888 777 3975; x_wconf 86' lang='lat' dir='ltr'>cognitio</span> <span class='ocrx_word' id='word_1_271' title='bbox 795 3937 814 3970; x_wconf 87' lang='lat'>,</span> <span class='ocrx_word' id='word_1_272' title='bbox 851 3904 928 3953; x_wconf 92' lang='lat' dir='ltr'>ut</span> <span class='ocrx_word' id='word_1_273' title='bbox 958 3888 1310 3953; x_wconf 88' lang='lat' dir='ltr'>necessaria</span> <span class='ocrx_word' id='word_1_274' title='bbox 1337 3886 1416 3951; x_wconf 90' lang='lat' dir='ltr'>ad</span> <span class='ocrx_word' id='word_1_275' title='bbox 1439 3900 1661 3976; x_wconf 84' lang='lat' dir='ltr'>poetas</span> <span class='ocrx_word' id='word_1_276' title='bbox 1688 3884 2138 3975; x_wconf 87' lang='lat' dir='ltr'>intelligendos</span> <span class='ocrx_word' id='word_1_277' title='bbox 2154 3934 2171 3963; x_wconf 92' lang='lat'>‚</span> <span class='ocrx_word' id='word_1_278' title='bbox 2198 3908 2530 3955; x_wconf 87' lang='lat' dir='ltr'>commen-</span> 
     </span>
     <span class='ocr_line' id='line_1_35' title="bbox 501 3989 2525 4077; baseline 0.001 -23"><span class='ocrx_word' id='word_1_279' title='bbox 501 3989 709 4077; x_wconf 91' lang='lat' dir='ltr'>datur,</span> <span class='ocrx_word' id='word_1_280' title='bbox 745 3993 1038 4061; x_wconf 85' lang='lat' dir='ltr'>videbam</span> <span class='ocrx_word' id='word_1_281' title='bbox 1071 3994 1210 4061; x_wconf 86' lang='lat' dir='ltr'>haec</span> <span class='ocrx_word' id='word_1_282' title='bbox 1238 3993 1434 4058; x_wconf 87' lang='lat' dir='ltr'>verba</span> <span class='ocrx_word' id='word_1_283' title='bbox 1463 3990 1727 4071; x_wconf 88' lang='lat' dir='ltr'>subjici:</span> <span class='ocrx_word' id='word_1_284' title='bbox 1776 4020 1801 4047; x_wconf 71' lang='grc' dir='ltr'>κ</span> <span class='ocrx_word' id='word_1_285' title='bbox 1832 3992 2022 4057; x_wconf 90' lang='lat' dir='ltr'>Anno</span> <span class='ocrx_word' id='word_1_286' title='bbox 2055 3992 2394 4059; x_wconf 63' lang='lat' dir='ltr'>salutiferae</span> <span class='ocrx_word' id='word_1_287' title='bbox 2417 3994 2525 4057; x_wconf 92' lang='lat' dir='ltr'>In-</span> 
     </span>
     <span class='ocr_line' id='line_1_36' title="bbox 496 4096 2525 4189; baseline 0.001 -28"><span class='ocrx_word' id='word_1_288' title='bbox 496 4098 884 4164; x_wconf 85' lang='lat' dir='ltr'>carnationis</span> <span class='ocrx_word' id='word_1_289' title='bbox 898 4100 1240 4167; x_wconf 84' lang='lat' dir='ltr'>Millesimo</span> <span class='ocrx_word' id='word_1_290' title='bbox 1261 4096 1900 4189; x_wconf 82' lang='lat' dir='ltr'>quadringentesimo</span> <span class='ocrx_word' id='word_1_291' title='bbox 1927 4096 2326 4187; x_wconf 84' lang='lat' dir='ltr'>octogesimo</span> <span class='ocrx_word' id='word_1_292' title='bbox 2348 4114 2525 4163; x_wconf 85' lang='lat' dir='ltr'>octa·</span> 
     </span>
    </p>
   </div>
  </div>
 </body>
</html>
