2996 4685
760 408 1380 479 DESCRIPTIO
1431 410 1745 478 -ORBIS
1809 410 2177 481 TERRAE.

505 530 632 597 Sus
671 528 790 597 ubi
834 528 1150 598 deformis
1185 527 1416 597 calidis
1449 528 1755 599 adoletur
1792 530 1863 599 in
1904 530 2040 600 aris

2392 438 2529 509 ²97

506 642 694 733 Saepe
723 640 1018 709 Dionaeae
1035 640 1320 709 Veneri:
1362 654 1498 710 stat
1532 642 1827 735 Corycus
1866 640 2001 710 alta
2019 694 2038 727 ,
2108 656 2115 661 ’

409 828 470 879 in
493 844 670 879 arcem
695 824 894 880 Piscosi
921 826 1198 898 Aspendus
1222 828 1422 881 flumen

411 923 562 959 secus
583 904 995 978 Eurymedontis
1013 946 1030 973 ,
1073 907 1172 961 Sus
1198 908 1290 960 ubi
1333 906 1424 962 de-

409 985 591 1039 formis
615 983 832 1049 calidis,
858 995 1001 1039 etc-a
1031 1004 1098 1039 ac
1121 987 1168 1039 si
1201 1006 1265 1041 cx
1289 986 1428 1041 duo·

411 1064 512 1119 bus
553 1063 792 1117 versibus
827 1062 1028 1118 librarii
1077 1083 1242 1120 unum
1289 1068 1427 1121 fece·

1520 830 1682 883 Plura
1702 832 1761 885 in
1786 848 1905 885 eam
1928 848 2043 883 rem
2066 830 2361 885 testimonia
2384 832 2541 887 Vete-

1522 928 1645 962 rum
1677 910 1934 982 producta
1970 909 2147 963 videas
2186 911 2243 964 in
2280 912 2366 965 Jo.
2401 911 2540 965 Phil.

1526 988 1774 1054 Casselii,
1799 988 1955 1043 amici
1980 990 2201 1057 veteris,
2229 993 2381 1063 cujus
2404 990 2542 1044 mihi

1522 1084 1643 1121 cara
1660 1081 1742 1122 est
1758 1068 2015 1121 memoria
2030 1108 2046 1135 ,
2082 1068 2285 1123 dissert.
2308 1074 2371 1121 de
2390 1074 2545 1121 sacri-

410 1142 534 1197 rint.
560 1144 734 1197 Htms.
750 1174 823 1185 -—-
838 1147 1032 1196 Priscus
1067 1149 1149 1199 ide
1166 1149 1336 1215 fomes
1362 1147 1428 1200 A.
1505 1150 1644 1219 ficiis
1664 1149 1885 1216 porcinis
1913 1151 1964 1201 in
1999 1152 2129 1200 culm
2154 1154 2367 1201 Deorum
2402 1165 2543 1202 vete-

413 1220 556 1275 unde
597 1222 832 1275 nascitur
873 1225 1042 1279 Prisca
1085 1226 1200 1277 Side
1226 1228 1396 1295 fomes
1411 1264 1428 1287 ,

412 1299 560 1371 quod
592 1300 875 1353 Salmasius
906 1303 1275 1373 reponendum
1315 1324 1438 1359 cen-

413 1379 576 1433 sebat.
598 1378 702 1433 Sed
733 1381 896 1433 multa
917 1392 1044 1435 sunt
1061 1420 1080 1447 ,
1104 1401 1224 1455 quo
1252 1384 1320 1439 de
1345 1404 1439 1439 ve·

413 1457 568 1512 ritate
587 1462 698 1531 ejus
717 1459 954 1514 lectionis
969 1460 1216 1516 dubitare
1227 1463 1436 1518 facimt.

413 1537 655 1592 Primum
707 1540 966 1613 Dionysio
1010 1555 1296 1615 repugnat,
1341 1546 1438 1617 qui

415 1637 468 1670 v.
505 1616 606 1671 8⁵2
648 1630 908 1673 memorat
941 1626 1248 1688 Aspendum,
1287 1636 1347 1675 ut
1385 1636 1442 1677 et

413 1696 716 1753 Priscianus
744 1715 796 1750 v.
820 1699 938 1751 802.
957 1699 1162 1753 Deinde
1181 1701 1329 1755 deest
1347 1702 1438 1755 hic

416 1776 544 1839 ἔνοᾳ..
573 1776 714 1828 Tum
724 1778 896 1845 fomes
923 1796 1032 1831 non
1069 1780 1268 1834 sufficit
1282 1818 1300 1845 ,
1343 1782 1438 1835 ubi

415 1855 640 1927 Dionys.
660 1856 966 1925 συοκτονὶῃσι.
991 1858 1072 1911 Ne
1099 1858 1278 1913 dicam
1293 1900 1310 1927 ‚
1333 1860 1436 1913 du-

414 1931 576 1987 bitari
593 1952 772 2006 posse,
793 1954 862 1989 an
887 1949 1028 1989 recte
1036 1938 1208 2003 fomes
1227 1937 1438 1995 dicatur

416 2010 620 2066 adoleri
657 2012 714 2065 in
757 2014 880 2068 aris.
915 2015 1180 2071 Omnibus
1215 2017 1330 2082 his,
1385 2032 1438 2073 et

415 2092 534 2147 aliis
573 2094 920 2149 incommodis
963 2096 1208 2151 medetur
1251 2100 1438 2168 lectio,

415 2190 580 2244 quam
607 2173 830 2228 Vossius
861 2174 932 2228 ad
971 2176 1202 2243 Melam,
1245 2197 1297 2250 p.
1333 2198 1436 2250 72,

415 2270 480 2303 ex
515 2252 679 2306 veteri
705 2252 844 2306 libro
874 2272 932 2308 se
971 2254 1102 2310 dare
1137 2256 1436 2328 profitetur.

415 2330 552 2396 Quo
571 2351 740 2404 quum
766 2334 1048 2389 conveniat
1064 2334 1320 2410 Dionysio
1334 2377 1350 2404 ,
1387 2350 1442 2390 et

415 2409 760 2484 descriptioni
779 2413 1050 2486 Aspendi,
1076 2434 1194 2487 qun
1221 2419 1348 2471 urbs
1369 2417 1440 2472 ab

417 2493 666 2546 omnibus
693 2490 762 2545 ad
793 2493 1246 2566 Eurymedontem
1266 2495 1320 2548 fl.
1341 2515 1440 2569 po-

419 2571 564 2622 nitur
585 2569 714 2640 (vid.
731 2571 872 2643 Scyl.
895 2591 948 2642 p.
970 2573 1090 2642 95),
1130 2594 1302 2645 quum
1326 2580 1442 2628 Side

419 2648 484 2701 sit
503 2647 572 2702 ad
593 2649 858 2702 Melanem
883 2651 1100 2719 (Cellar.
1121 2654 1175 2708 11
1191 2691 1208 2716 ‚
1237 2673 1292 2725 p.
1317 2655 1442 2722 89),

421 2726 578 2779 unice
602 2739 678 2780 est
707 2727 1036 2800 accipienda.
1074 2735 1222 2782 Secus
1249 2751 1350 2805 pro
1369 2753 1446 2784 so-

420 2809 636 2858 candum
673 2806 996 2878 frequentari
1010 2847 1026 2874 ,
1067 2827 1228 2862 nemo
1261 2809 1444 2864 doceri

421 2885 597 2940 debet.
621 2891 713 2938 Sus
737 2889 988 2956 ἀφῆκε),
1020 2898 1080 2940 ut
1089 2892 1268 2959 phocas
1279 2892 1446 2960 defin·-

421 2986 550 3028 mcs,
575 2965 740 3020 Ovid.
772 2968 898 3020 Met.
932 2967 986 3030 Ι,
1017 2968 1143 3022 300.
1171 2969 1334 3023 Scan.
1374 3001 1448 3012 -

423 3045 682 3100 Ceterum
731 3064 848 3100 mos
891 3048 1000 3101 suis
1026 3047 1226 3102 Veneri
1257 3049 1446 3102 immo-

423 3124 592 3178 lando
611 3125 754 3196 apud
779 3126 1104 3198 Aspendum,
1119 3126 1448 3182 derivandos

426 3203 495 3254 ab
521 3206 635 3275 ejus
659 3204 808 3256 urbis
833 3205 1042 3278 origine
1075 3219 1127 3260 ct
1162 3207 1448 3262 conditori-

424 3281 524 3332 bus
569 3293 664 3332 est.
714 3283 796 3334 Ab
837 3283 1041 3354 Argivis
1095 3286 1282 3338 urbem
1327 3305 1446 3340 eam

426 3356 694 3411 conditam
723 3359 880 3412 fuisse
901 3397 918 3424 ,
947 3361 1133 3416 strabo
1159 3376 1346 3418 auctor
1368 3378 1448 3420 est

425 3437 521 3491 lib.
545 3437 698 3504 XIV,
723 3458 781 3511 p.
803 3439 924 3508 983.
940 3439 1044 3494 Sed
1061 3443 1283 3514 Argivos
1297 3462 1448 3498 suem

427 3516 748 3572 sacrificasse
776 3519 1007 3585 Veneri,
1045 3523 1264 3594 ejusque
1289 3524 1449 3577 sacri·

429 3595 536 3650 ficii
561 3595 804 3652 solennes
827 3595 945 3652 dies
965 3588 1168 3670 iet-592«
1193 3600 1452 3673 adpellas-

430 3695 485 3728 se
503 3715 520 3740 ,
584 3693 615 3727 c
658 3676 974 3730 Callimachi
1021 3677 1136 3731 sive
1191 3677 1450 3736 Zenodoti

428 3755 820 3810 commentariis
881 3755 1144 3813 historicis
1193 3773 1453 3815 memorat

431 3832 707 3888 Athenaeus
723 3875 740 3901 ,
775 3836 870 3888 lib.
889 3837 976 3890 111
996 3875 1014 3901 ‚
1040 3857 1158 3910 cap.
1179 3839 1264 3905 15,
1289 3860 1342 3913 p.
1362 3841 1448 3910 95.

431 3909 582 3965 Idem
604 3923 724 3966 ante
760 3913 870 3969 hec
899 3915 1074 3970 locum
1103 3936 1166 3970 ex
1193 3919 1454 3990 Antipha-

431 3991 514 4044 nis
535 3991 806 4046 Corinthia
825 3995 1072 4064 adducit,
1085 4017 1194 4070 quo
1217 3999 1376 4052 etiam
1395 3999 1452 4053 in

433 4069 614 4142 Cypro
655 4071 828 4126 insula
861 4075 1216 4144 gratissimam
1257 4079 1454 4136 Veneri

433 4147 658 4205 hostiam
731 4171 882 4206 suem
949 4173 1060 4208 esse
1117 4154 1449 4212 adfirmatur.

1522 1244 1646 1288 nan,
1672 1226 1903 1291 Brenno,
1932 1230 2097 1296 1769,
2120 1228 2200 1295 §6
2217 1264 2232 1291 ‚
2254 1228 2349 1301 qui
2366 1239 2545 1282 tamen

1522 1306 1699 1359 locum
1730 1306 1879 1360 hunc
1908 1306 2147 1379 Dionysii
2178 1318 2230 1361 et
2252 1308 2461 1373 Avieni,
2484 1320 2544 1361 ut

1524 1384 1679 1439 multi
1703 1383 1826 1448 alii,
1850 1384 2131 1456 ignoravit.
2155 1385 2549 1441 Wd.—Pc'scosi

1526 1468 1803 1533 Aspendus.
1828 1464 1942 1517 Hos
1970 1462 2079 1517 duo
2114 1482 2295 1519 versus
2324 1482 2389 1518 ex
2414 1464 2551 1537 opti·

1526 1543 1626 1597 mis
1648 1543 2027 1613 exemplaribus
2051 1543 2213 1615 Cusp.
2242 1556 2295 1597 et
2311 1543 2547 1598 vadiani

1524 1622 1633 1676 huc
1676 1622 1829 1677 intuli
1849 1657 1866 1686 ,
1896 1641 2031 1694 quos
2067 1622 2307 1696 Dionysii
2347 1623 2545 1695 pariter

1526 1722 1580 1757 v.
1610 1701 1710 1756 852
1727 1740 1743 1766 ,
1790 1720 1854 1755 ac
1888 1700 2139 1756 Priscian.
2166 1721 2216 1756 v.
2242 1704 2343 1757 802
2370 1714 2547 1755 textus

1524 1782 1707 1855 poscit.
1740 1781 2026 1848 Quomodo
2060 1782 2117 1835 in
2146 1801 2314 1835 unum
2334 1800 2547 1835 versum

1526 1860 1636 1915 duo
1665 1861 1752 1914 isti
1785 1860 2139 1915 confluxerint
2153 1899 2170 1925 ,
2190 1860 2547 1915 demonstravi

1524 1939 1583 1993 in
1626 1940 1887 1993 Prooemio
1923 1938 1991 1993 ad
2025 1940 2300 1993 Aviennm.
2328 1938 2548 1993 Witho-

1526 2018 1627 2072 flus
1654 2020 1963 2092 conjiciebat
1984 2036 1999 2072 ε
2028 2020 2257 2085 Aspendi
2256 2019 2443 2087 fimes,
2460 2017 2547 2069 vel

1524 2099 1701 2169 potius
1711 2104 1973 2169 Aspendus
1985 2138 2002 2160 ,
2026 2100 2111 2150 ube·
2130 2118 2213 2150 sus
2230 2099 2407 2150 calidis
2424 2100 2551 2148 ado-

1524 2182 1647 2230 lem-
1660 2182 1711 2231 ἱιι
1730 2182 1851 2235 atis.
1869 2179 1939 2231 Et
1962 2174 2293 2231 Schraderus
2314 2176 2554 2248 aliquan-

1526 2256 1597 2311 do
1617 2258 1675 2310 in
1696 2256 1811 2311 sch.
1834 2260 2121 2325 Aspendus,
2137 2274 2320 2324 pomus
2338 2258 2517 2308 calidis
2530 2293 2547 2317 ,

1527 2348 1627 2391 etc.
1648 2334 1743 2390 sed
1762 2336 1853 2390 hic
1872 2335 2095 2392 meliora
2110 2334 2167 2389 in
2190 2347 2338 2389 nota.

1604 2433 1755 2487 1017.
1790 2421 1898 2468 Stat
1927 2417 2137 2482 corycus
2164 2420 2287 2468 alea.
2328 2419 2449 2467 Alea
2479 2415 2555 2467 ob

1528 2493 1799 2568 Corycum
1824 2494 2023 2548 Cilicio
2046 2505 2281 2548 montem
2296 2531 2313 2558 ‚
2357 2495 2452 2567 qui
2480 2495 2557 2550 ob.

1530 2593 1747 2628 crocum
1798 2573 2287 2645 prumtissimam
2328 2573 2403 2626 ibi
2452 2591 2553 2627 na·

1531 2665 1761 2706 scentem
1778 2653 1971 2724 passim
1988 2671 2019 2705 a
2032 2653 2199 2723 poetis
2212 2663 2553 2706 memoratur.

1534 2731 1717 2785 Horat.
1737 2731 1851 2785 Sat.
1878 2731 1953 2794 11,
1976 2738 2027 2795 4,
2049 2733 2119 2784 68
2136 2749 2153 2783 ε
2177 2757 2202 2777 α
2220 2731 2557 2804 Corycioque

1532 2829 1693 2864 croco
1723 2828 1959 2882 sparsum
1996 2820 2139 2862 tenet
2167 2827 2227 2871 ις
2252 2810 2407 2864 Mart.
2434 2811 2519 2862 111
2538 2850 2555 2873 ,

1534 2889 1699 2962 epigr.
1723 2888 1790 2942 65
1814 2905 1829 2940 ε
1856 2913 1883 2935 α
1901 2886 2061 2953 Quod
2088 2887 2159 2941 de
2178 2887 2407 2959 Corycio
2431 2907 2553 2959 quo

1536 2969 1679 3022 venit
1706 2987 1837 3021 aura
1862 2985 2024 3021 croco
2044 2993 2089 3020 ιι.
2132 2966 2292 3021 Conf.
2324 2967 2555 3022 Sallustii

1536 3047 1891 3120 fragmentum
1908 3065 1975 3100 ex
1986 3046 2079 3100 lib.
2098 3047 2127 3100 1
2141 3087 2157 3113 ,
2180 3047 2316 3101 Hist.
2334 3065 2459 3119 pag.
2486 3051 2557 3100 26

1534 3127 1809 3183 ed.Wass.
1831 3129 1977 3181 «Iter
1987 3126 2151 3188 vortit
2170 3125 2239 3180 ad
2262 3127 2553 3199 Corycum,

1534 3207 1723 3261 urbem
1740 3207 2015 3270 inclutam,
2029 3218 2313 3278 pastusque
2338 3223 2559 3258 nemore

1535 3288 1591 3341 in
1617 3305 1725 3359 quo
1742 3305 1957 3340 crocum
1976 3283 2557 3357 gignitur-.En.-Me-

1536 3367 1675 3420 diam
1700 3367 1755 3418 in
1780 3369 1987 3432 Caycus
2010 3363 2315 3436 producunt
2339 3362 2558 3436 Dionys.

1538 3445 1661 3500 855:
1676 3447 2087 3518 Κύρυκος,ῐιίργη
2103 3455 2237 3506 rget
2249 3441 2413 3496 Prisc.
2423 3441 2524 3496 80⁵
2537 3461 2555 3495 τ

1537 3526 1815 3598 «Corycus
1838 3525 2111 3594 Pergeque
2137 3521 2405 3586 calens,et
2421 3521 2557 3575 celsa

1538 3604 1773 3657 Phaselis
1789 3629 1835 3655 ι».
1863 3601 1965 3655 sed
1990 3603 2179 3655 Noster
2204 3613 2458 3672 sequutus
2482 3614 2560 3654 est

1538 3683 1775 3749 Latinos,
1789 3681 1882 3754 qui
1906 3683 2133 3746 coo-ceu
2153 3677 2385 3734 secunda
2406 3680 2557 3734 brevi

1539 3763 1727 3817 solent.
1768 3761 1934 3814 Sena.
1970 3791 2043 3801 —
2076 3760 2165 3814 Sic
2199 3759 2339 3812 enim
2366 3758 2559 3830 virgil.

1540 3841 1732 3912 Georg.
1756 3841 1857 3905 w,
1884 3857 1963 3892 vs.
1994 3840 2120 3893 1²8:
2157 3864 2180 3886 ι
2198 3839 2443 3910 Namque
2459 3839 2561 3890 sub

1539 3919 1787 3974 OEhnlio
1818 3919 2033 3974 memini
2066 3937 2153 3972 me
2180 3918 2413 3972 turribus
2440 3918 2561 3971 altis

1541 4001 1829 4072 Corycium
1901 3997 2089 4052 vidisse
2150 4015 2329 4052 senem
2350 4022 2373 4044 ι
2388 4037 2403 4050 .
2476 3997 2559 4049 Ad

1540 4097 1701 4152 quem
1722 4080 1901 4134 locum
1923 4077 2149 4148 respexit
2179 4088 2363 4132 auctor
2387 4075 2561 4128 brevis

1542 4159 1793 4216 carminis
1848 4157 1915 4212 de
1968 4158 2079 4212 vita
2130 4150 2415 4226 tranquilla
2434 4191 2451 4219 ,
2504 4155 2561 4206 in
