2996 4685
537 381 676 452 500
1287 377 1819 448 EXCURSUS
1871 379 1905 444 Ι.

532 503 787 591 pellavit
834 499 1280 590 Euphorbiam
1325 497 1559 564 medici
1600 499 1701 563 sui
1751 498 2015 562 nomine
2056 482 2119 558 ·.'
2160 497 2355 561 Petro
2406 499 2635 587 Baylio
2652 545 2673 580 ‚

535 605 702 668 Dict.
726 626 786 667 v.
814 602 1006 680 Iuba,
1033 615 1170 665 not.
1189 601 1237 664 B
1255 647 1274 681 ,
1307 599 1555 664 Plinius
1579 597 1835 662 videtur
1854 599 2071 662 minus
2096 613 2391 662 accurate
2421 598 2675 686 loquu-

532 720 671 784 ωε,
705 702 820 790 qui
859 699 1126 782 dixerit,
1161 700 1430 764 herbam
1461 723 1501 764 a
1526 700 1694 763 Juba
1728 721 1867 762 esse
1904 699 2229 762 inventam
2250 747 2271 780 ,
2304 721 2505 787 quam
2548 723 2675 764 no-

533 804 708 866 mine
739 801 842 866 sui
878 799 1114 866 medici
1147 800 1575 890 adpellaverit.
1617 799 2006 866 credibilius
2043 824 2185 865 esse
2220 816 2441 888 putat,
2482 800 2675 889 quod

535 905 780 970 Plinius
807 902 933 968 alio
960 904 1142 984 loce,
1169 923 1405 990 nempe
1437 902 1605 967 libro
1636 903 1715 983 V,
1742 925 1881 990 (Ἀρ.
1920 901 1955 968 5
1992 903 2112 968 sub
2146 902 2377 984 finem,
2406 925 2673 967 memo-

531 1021 659 1089 rat,
687 1007 1098 1070 inventorem
1119 1003 1258 1083 ejus
1279 1003 1498 1067 herbae
1529 1001 1859 1067 medicum
1882 1003 2079 1068 finisse
2094 1051 2113 1084 ‚
2138 1004 2407 1091 ejusque
2440 1025 2677 1067 mussa

531 1105 976 1194 Euphorbiam
998 1127 1037 1167 a
1055 1104 1222 1168 Iuba
1246 1103 1665 1168 nominatam.
1698 1105 1914 1186 Quem
1936 1104 2155 1169 locum
2174 1104 2675 1192 subjungimus,

531 1207 684 1296 quia
717 1206 912 1272 etiam
945 1205 1214 1269 virtutes
1257 1206 1396 1285 ejus
1431 1205 1652 1269 herbae
1683 1203 1951 1291 exponit
1988 1228 2003 1268 ε
2050 1235 2075 1260 ιι
2098 1204 2341 1270 Similia
2374 1202 2681 1291 prodidit

528 1308 560 1370 J
568 1306 691 1371 uba
710 1355 728 1382 ‚
757 1305 1084 1371 Ptolemaei
1109 1321 1313 1393 pater,
1331 1304 1429 1368 -de
1461 1305 1755 1370 Atlante:
1790 1321 2153 1394 praeterque
2182 1305 2359 1395 gigni
2394 1305 2491 1368 ibi
2516 1305 2677 1369 her-

529 1409 678 1472 bam
711 1406 1154 1496 Euphorbiam
1185 1407 1486 1486 nomine,
1521 1406 1603 1470 ab
1632 1407 1972 1470 inventore
2004 1405 2261 1471 medico
2290 1427 2412 1470 suo
2444 1404 2675 1494 adpel-

528 1510 737 1574 latam.
792 1507 994 1587 Cujus
1043 1507 1322 1571 lacteum
1367 1529 1634 1572 succum
1688 1507 1866 1572 miris
1914 1506 2217 1572 laudibus
2266 1507 2555 1572 celebrat
2600 1509 2674 1570 in

528 1607 810 1674 claritate
835 1609 1012 1674 visus
1028 1654 1046 1690 ,
1082 1623 1438 1695 contraque
1469 1624 1801 1697 serpentes
1818 1655 1836 1690 ,
1870 1625 1937 1674 et
1960 1631 2208 1673 venena
2241 1609 2461 1673 omnia
2478 1657 2499 1690 ,
2536 1609 2677 1696 pri-

523 1711 720 1774 vatim
751 1709 966 1774 dicato
998 1709 1328 1774 volumine
1344 1739 1389 1773 υ.
1426 1709 1670 1773 Praeter
1691 1710 1975 1773 Plinium
2002 1709 2351 1774 laudarunt
2378 1707 2449 1773 id
2472 1709 2674 1773 voln-

529 1835 680 1877 men
730 1809 1000 1894 medici,
1050 1828 1128 1875 ut
1168 1809 1435 1874 adnotat
1487 1810 1850 1892 Fabricius,
1886 1811 2047 1875 Bibl.
2094 1811 2207 1876 Gr.
2256 1826 2415 1875 tom.
2466 1811 2677 1892 xm,

527 1936 592 2000 p.
625 1912 789 1993 3043
821 1911 1140 1994 Galenus,
1176 1912 1290 1978 lib.
1324 1913 1420 1976 lx
1451 1911 1959 1976 Pharmacorum
1982 1921 2117 1975 κατὰ
2136 1925 2284 1991 γένη,
2312 1933 2451 2000 cap.
2491 1916 2573 1992 4,
2608 1929 2681 1976 et

527 2013 939 2078 Dioscorides
957 2061 976 2094 ,
1019 2013 1131 2078 lib.
1184 2015 1280 2079 111
1300 2061 1318 2097 ,
1368 2011 1484 2100 qui
1530 2013 1979 2077 inventionem
2031 2012 2427 2101 Euphorbioe
2480 2012 2679 2077 suba

527 2114 664 2204 regi
697 2131 1026 2203 acceptam
1061 2118 1277 2180 refert.
1316 2114 1595 2180 Parvum
1629 2114 1871 2178 librum
1904 2125 2013 2194 περὶ
2048 2124 2167 2178 ὀποῦ
2198 2111 2279 2176 de
2310 2113 2497 2202 opio,
2532 2113 2679 2178 sive

529 2215 858 2304 papaveris
881 2237 1077 2280 succo
1093 2264 1112 2297 ,
1139 2214 1361 2280 laudat
1380 2214 1699 2296 Galenus,
1721 2230 1877 2280 tom.
1908 2215 2004 2296 11,
2036 2236 2180 2302 pag.
2210 2235 2355 2301 297.
2388 2213 2675 2278 Librum

528 2317 562 2383 J
566 2316 711 2381 ubae
743 2331 1044 2381 octavum
1077 2317 1157 2380 de
1177 2316 1520 2406 pictoribus
1533 2365 1556 2397 ,
1592 2325 1704 2397 πιρὶ
1732 2324 2025 2397 ζωγράφων,
2058 2311 2278 2381 laudat
2312 2315 2679 2403 Harpocra-

524 2419 666 2482 tion
683 2465 702 2499 ‚
740 2417 940 2483 verbo
985 2428 1293 2499 Παρῥάσιοςὸ
1337 2418 1416 2481 de
1434 2420 1691 2507 pictum
1710 2466 1727 2498 ,
1763 2428 1875 2499 πιρὶ
1906 2433 2173 2499 γραφικῆς,
2206 2417 2275 2481 in
2308 2428 2675 2498 Πολύγνωτος,

524 2516 711 2597 cujus
739 2517 954 2605 operis
978 2516 1220 2583 librum
1249 2518 1527 2583 alterum
1556 2521 1708 2585 citat
1737 2520 2009 2585 Photius
2033 2519 2103 2583 in
2130 2518 2293 2584 Bibl.
2326 2519 2473 2585 cod.
2518 2522 2671 2585 161.

525 2619 936 2683 Enumeratis
971 2618 1153 2686 Juboe
1183 2620 1440 2708 scriptis
1469 2621 1800 2710 adponere
1838 2622 2031 2686 etiam
2062 2643 2411 2710 possumus
2440 2622 2677 2688 adver·

524 2719 766 2783 sarium
806 2718 1156 2809 quemdam
1201 2722 1419 2804 Jubae,
1458 2722 1816 2810 Didymum
1863 2724 2391 2807 Chalcenterum,
2428 2724 2673 2789 Gram-

527 2820 833 2885 maticum
867 2821 1408 2905 Alexandrinum,
1443 2846 1643 2911 quem
1692 2823 1925 2889 eodem
1972 2846 2123 2889 cum
2158 2824 2325 2889 Juba
2364 2840 2675 2913 tempore

523 2922 792 3004 vixisse,
847 2939 913 2986 et
959 2923 1160 2988 multa
1209 2941 1434 2989 contra
1483 2948 1637 2991 eum
1692 2924 2023 3013 scripsisse
2074 2924 2269 2990 tradit
2316 2924 2550 2991 Suidas
2592 2926 2671 2990 in

527 3022 672 3085 Ῐόὸα.

610 3124 643 3188 J
647 3125 842 3189 ubam
867 3148 1086 3214 regem
1119 3127 1205 3192 ob
1239 3128 1552 3193 beneficia
1583 3130 1649 3193 in
1682 3145 1939 3218 gentem
1974 3152 2160 3197 suam
2196 3146 2346 3218 post
2376 3146 2673 3195 mortem

523 3247 560 3287 a
597 3223 842 3289 Mauris
873 3225 1045 3290 inter
1081 3227 1254 3292 Deos
1295 3230 1600 3311 relatum,
1633 3247 1698 3294 et
1736 3230 1972 3297 divinis
2007 3232 2371 3296 honoribus
2404 3232 2671 3297 cultum

525 3325 818 3389 referunt
861 3326 1210 3391 Christiani
1263 3330 1629 3416 scriptores.
1685 3331 2018 3396 Minucius
2072 3332 2283 3415 Felix,
2334 3354 2471 3421 oep.
2530 3331 2617 3396 23
2648 3356 2671 3397 :

525 3455 550 3479 «
575 3426 714 3492 Nisi
733 3428 904 3493 forte
934 3443 1086 3516 post
1109 3444 1388 3494 mortem
1417 3431 1589 3495 Deos
1620 3430 1900 3519 fingitis:
1932 3448 1999 3497 et
2028 3434 2353 3521 pejerante
2374 3432 2671 3497 Proculo

524 3524 702 3589 Deus
725 3527 1044 3594 Romulus
1065 3551 1080 3593 :
1105 3547 1172 3593 et
1188 3530 1354 3596 Juba
1372 3532 1615 3597 Mauris
1632 3533 2003 3599 volentibus
2022 3536 2198 3599 Deus
2214 3550 2313 3598 est
2330 3564 2376 3599 n.
2398 3534 2673 3598 Lactan-

525 3624 686 3707 tius,
721 3628 862 3692 Div.
893 3630 1055 3693 lust.
1087 3632 1148 3711 1,
1181 3652 1238 3695 c.
1275 3632 1350 3697 15
1371 3680 1390 3713 ‚
1430 3632 1512 3698 8:
1544 3664 1569 3690 ιι
1588 3632 1891 3699 Privatim
1920 3635 2157 3724 singuli
2189 3633 2413 3724 populi
2444 3634 2669 3724 gentis

525 3741 640 3789 aut
667 3726 846 3792 urbis
881 3751 1012 3793 suae
1041 3730 1506 3799 conditores....
1539 3756 1793 3800 summa
1824 3736 2237 3800 veneratione
2271 3736 2667 3817 coluerunt,

521 3840 596 3887 ut
619 3824 907 3915 AEgyptii
930 3828 1166 3896 Isidem
1185 3882 1204 3915 ,
1230 3831 1441 3899 Mauri
1468 3834 1701 3899 Iubam
1724 3868 1769 3901 n.
1804 3836 2019 3903 Possis
2054 3837 2182 3902 hoc
2209 3838 2537 3930 praecipue
2576 3836 2669 3903 de

518 3925 684 3988 Iuba
733 3924 864 3990 filio
913 3929 1298 4020 intelligere,
1341 3934 1529 4015 cujus
1573 3937 1785 4001 lenem
1836 3953 1901 4001 et
1940 3936 2309 4002 beneficum
2358 3936 2665 4002 animum

521 4023 704 4088 facile
735 4025 958 4091 credas
999 4027 1270 4118 dignum
1306 4035 1559 4101 honore
1602 4052 1666 4100 et
1704 4039 2119 4107 veneratione
2162 4038 2405 4102 civium
2437 4038 2667 4105 visum

515 4146 673 4192 esse.
712 4126 954 4241 Contra
987 4130 1150 4197 Iuba
1194 4150 1376 4221 pater
1419 4136 1801 4204 crudelitate
1842 4140 2045 4228 magis
2081 4140 2349 4231 insignis
2388 4140 2553 4223 fuit,
2594 4158 2669 4207 et
