2996 4685
527 309 618 380 26
897 315 1034 382 DE
1093 316 1627 385 FLAVIANO
1688 313 2279 382 MYRMECIO.

519 443 735 531 ipsum
769 460 1020 532 patrem
1061 446 1376 534 scriptum
1409 444 1613 511 videri
1646 445 1867 533 possit.
1920 441 2205 526 Quando
2240 463 2395 505 vero
2445 443 2659 506 Func-

523 549 664 614 cius
701 551 926 615 scribit
969 550 1097 640 (1),
1148 551 1438 616 Probum
1481 553 1695 616 virum
1748 549 2151 616 consularem
2200 571 2393 614 versu
2445 547 2661 638 primo

530 655 680 719 Orae
713 657 1078 740 maritimae,
1112 674 1179 722 et
1209 659 1440 748 soepius
1473 658 1897 746 sequentibus
1929 655 2232 738 indicari,
2260 656 2329 720 in
2362 675 2443 720 eo
2472 655 2664 743 plane

529 761 729 826 falsus
763 778 879 828 est.
915 763 1144 851 Neque
1175 765 1352 829 enim
1385 764 1641 828 Probus
1674 763 1767 828 ibi
1806 764 2019 839 aliter,
2058 784 2253 850 quam
2287 760 2661 825 adolescens

531 883 598 930 et
625 885 936 958 cognatus
960 871 1190 935 Avieni
1223 871 1666 959 compellatur.
1712 869 1905 934 Nulla
1935 868 2265 932 honorum
2303 866 2441 946 ejus
2472 885 2663 928 men·

531 973 644 1038 tic.
677 975 904 1063 Itaque
943 976 1104 1040 alter
1139 977 1428 1040 Petronii
1467 975 1663 1040 Probi
1701 973 1867 1038 filius
1884 1021 1902 1056 ,
1936 973 2201 1037 Anicius
2232 969 2515 1052 Probus,
2548 969 2665 1058 qui

533 1083 616 1144 A.
648 1082 746 1145 C..
771 1082 903 1159 406
953 1105 1104 1146 cum
1150 1082 1429 1147 Arcadio
1480 1085 1644 1171 Imp.
1688 1080 1935 1146 Consul
1981 1080 2140 1161 fuit,
2170 1078 2275 1144 vel
2318 1079 2483 1143 alius
2526 1078 2665 1159 ejus

533 1187 787 1251 familiae
820 1207 1040 1277 posset
1071 1189 1418 1254 existimari
1449 1190 1579 1254 hoc
1614 1187 1969 1253 literarium
2014 1208 2255 1250 munus
2296 1185 2378 1249 ab
2417 1185 2667 1249 Avieno

536 1294 894 1381 accepisse,
932 1296 986 1358 si
1035 1295 1300 1383 quidem
1346 1313 1729 1387 argumenta
1768 1296 1836 1358 in
1884 1309 2200 1383 promptu
2242 1307 2489 1372 essent,
2522 1311 2669 1378 quoe

537 1420 659 1485 pro
692 1398 820 1462 hoc
855 1400 1108 1488 potius,
1133 1424 1327 1489 quam
1362 1401 1673 1466 Petronio
1701 1400 1949 1479 Prob0‚
1981 1421 2177 1486 quem
2212 1397 2524 1478 diximus,
2552 1395 2671 1459 mi-

539 1503 722 1568 litare
755 1503 1148 1572 viderentur.
1184 1508 1490 1597 Cognatis
1516 1507 1745 1572 Avieni
1780 1528 1977 1596 porro
2016 1502 2456 1568 accensendus
2482 1501 2671 1567 vide-

541 1623 652 1673 tur
695 1609 1044 1675 Flavianus
1093 1613 1510 1699 Myrmecia-5,
1558 1612 1641 1678 ad
1686 1635 1881 1701 quem
1932 1610 2305 1700 poemation
2354 1608 2437 1674 de
2490 1609 2673 1672 malis

544 1715 807 1780 Punicis
839 1717 1112 1806 scripsit.
1154 1720 1492 1784 Reinesius
1531 1734 1777 1783 certum
1813 1733 2002 1806 putat
2028 1716 2155 1803 (2),
2202 1737 2357 1780 eum
2401 1712 2483 1778 ad
2522 1716 2674 1778 Clo·

545 1821 720 1906 dios,
761 1847 1042 1911 quorum
1075 1843 1336 1916 gentem
1371 1827 1709 1916 descripsit
1728 1877 1745 1910 ‚
1794 1825 2156 1915 pertinere,
2204 1823 2443 1910 quibus
2476 1821 2677 1885 usita-

543 1945 686 1994 tum
715 1929 996 1996 Flaviani
1031 1955 1397 2022 cognomen
1433 1935 1591 2016 fuit3
1628 1931 1743 1998 sed
1776 1930 1861 1996 ad
1900 1951 2253 2019 quemnam
2294 1951 2373 1992 ex
2402 1929 2541 1992 istis
2572 1949 2676 1992 re·

543 2035 847 2102 ferendus
883 2038 1000 2122 sit,
1047 2056 1114 2103 et
1142 2039 1324 2104 unde
1362 2061 1603 2103 nomen
1640 2036 1983 2127 Myrmecii
2024 2021 2108 2099 sii
2152 2033 2457 2123 indeptus
2478 2082 2496 2116 ,
2540 2055 2677 2097 non

545 2141 634 2205 ita
661 2143 1036 2230 expeditum
1061 2168 1220 2210 esse.
1252 2144 1480 2210 Adfert
1497 2163 1715 2209 tamen
1743 2142 1913 2208 duos
1936 2139 2404 2229 interpretandi
2424 2139 2678 2223 modos,

439 2274 450 2288 ·
549 2260 616 2310 et
646 2269 1010 2336 cognomen
1043 2250 1388 2314 Murmecii
1421 2247 1845 2314 derivandum
1878 2263 2099 2311 censet
2124 2247 2286 2310 vela
2308 2247 2679 2336 Myrmece,

551 2352 836 2440 regionis
871 2354 1374 2444 Pentapolitanae
1408 2358 1476 2419 in
1516 2355 1677 2419 mari
1712 2354 1957 2442 Libyco
1988 2348 2234 2431 insula.
2270 2355 2373 2418 vel
2408 2376 2447 2417 a
2478 2368 2683 2435 Μυρμη·

551 2468 670 2539 κὶῳ,
709 2460 954 2549 oppido
985 2462 1270 2527 Tauricoe
1319 2462 1709 2551 peninsulae,
1766 2462 1935 2525 circa
1990 2462 2349 2547 Bosporum
2400 2460 2686 2523 Cimme-

553 2566 726 2629 rium
749 2614 767 2647 ‚
823 2589 940 2633 seu
975 2567 1218 2632 ostium
1262 2566 1517 2657 paludis
1568 2566 1904 2633 Maeotidis.
1947 2565 2320 2630 Memorant
2354 2566 2582 2655 Scylax
2612 2564 2683 2627 in

555 2670 850 2759 Periplo,
905 2672 1136 2736 Strabo
1173 2672 1303 2761 (3),
1353 2674 1583 2763 Pomp.
1628 2674 1795 2739 Mela
1832 2673 1961 2761 (4),
2012 2686 2081 2734 et
2124 2671 2533 2760 Stephanus,
2571 2670 2687 2758 qui

555 2778 794 2869 gentile
827 2802 1068 2845 nomen
1107 2780 1244 2861 ejus
1281 2778 1518 2846 diserte
1548 2782 1845 2871 perhibet
1880 2804 2022 2848 esse
2054 2791 2358 2863 Μυρμῆκιος.
2395 2780 2688 2865 Utraque

559 2886 966 2973 cognominis
1001 2886 1168 2949 ratio
1199 2884 1456 2951 videtur
1492 2887 1561 2950 in
1606 2886 1748 2976 ipso
1783 2889 2113 2979 poematio
2145 2885 2228 2950 ad
2254 2883 2687 2973 Myrmecium

561 2991 801 3080 scripto
833 2990 1193 3083 significari.
1227 2994 1284 3057 A
1321 2992 1647 3081 Myrmece
1673 2994 1899 3057 Africae
1930 2995 2141 3058 insula
2164 2991 2383 3082 potuit
2404 2990 2691 3053 Avienus

562 3120 804 3161 nomen
846 3098 1183 3187 Myrmecii
1221 3100 1527 3164 Flaviano
1569 3099 1808 3165 addere
1828 3148 1846 3182 ,
1884 3100 2065 3189 quod
2098 3101 2167 3164 in
2208 3097 2493 3163 carmine
2526 3093 2689 3157 mala

562 3206 685 3270 sibi
718 3206 888 3271 mitti
923 3208 1087 3296 petit
1118 3230 1195 3272 ex
1227 3207 1432 3297 agello
1469 3206 1606 3287 ejus
1642 3207 1878 3292 Libyca
1908 3222 2045 3271 rate
2074 3207 2375 3271 advecta:

840 3387 894 3441 si
915 3391 1026 3460 jam
1059 3389 1192 3441 forte
1222 3400 1345 3441 tuus
1368 3385 1573 3459 Libyca
1600 3398 1711 3439 rate
1740 3386 1885 3439 misit
1911 3386 2113 3458 agellus

840 3476 1042 3532 Punica
1063 3478 1202 3532 mals
1226 3477 1348 3542 tibi,
1361 3476 1703 3550 Tyrrhenum
1724 3489 1877 3553 vecta
1891 3494 1987 3549 per
2008 3494 2223 3551 aquom

639 3746 718 3811 (ι)
757 3744 840 3796 De
869 3762 991 3814 νος.
1021 3744 1136 3796 Lat.
1157 3744 1313 3814 Ling.
1341 3753 1534 3795 senect.
1556 3762 1669 3814 cap.
1696 3744 1727 3795 3
1746 3782 1763 3808 ,
1789 3760 1913 3813 pag.
1938 3742 2059 3795 223.

639 3862 720 3928 (2)
744 3858 914 3930 Epist.
934 3856 1002 3911 ad
1023 3858 1162 3929 Rup.
1186 3876 1307 3930 pag.
1331 3856 1432 3912 625
1451 3897 1468 3924 ,
1495 3871 1548 3911 et
1578 3855 1647 3909 sd
1672 3856 1915 3928 Inscript.
1938 3866 2039 3908 vet.
2066 3854 2237 3907 Class.
2263 3854 2316 3915 1,
2346 3870 2395 3923 p.
2422 3866 2487 3921 79
2514 3860 2566 3901 ct
2592 3849 2673 3900 8⁰.

641 3980 716 4047 (3)
749 3978 860 4031 Lib.
881 3978 990 4029 v11
1012 4016 1026 4040 ,
1062 3997 1118 4048 p.
1143 3978 1261 4029 310.

644 4096 720 4161 (4)
751 4092 870 4145 Lib.
899 4090 985 4157 11,
1009 4107 1204 4162 cap21.
