2996 4685
468 309 558 392 24
721 313 855 381 DE
910 313 1237 381 FAMIL.
1292 311 1414 379 ET
1465 312 1893 380 COGNAT.
1940 311 2321 384 AVIENI.

461 455 530 506 et
567 439 848 505 subinde
894 443 1262 530 corruptius
1303 440 1631 504 enuntiari
1681 441 1947 503 nomine
2000 440 2266 522 Abieni‚
2327 442 2595 523 Anieni,

460 550 693 616 Aviani
767 563 834 610 et
894 548 1126 610 Aniani
1187 545 1493 611 videntur
1522 595 1540 628 ,
1600 545 1955 610 admodum
2013 545 2272 612 difficile
2326 561 2447 613 est.
2512 549 2595 611 Et

401 721 420 738 ‚
457 657 848 744 plerumque
880 653 1280 717 Avienorum
1313 674 1519 740 genus
1552 669 1680 716 tam
1712 674 2135 716 numerosum
2162 653 2317 736 fuit,
2352 670 2429 717 ut
2457 654 2597 741 plu·

457 784 563 825 res
607 758 872 823 familias
920 774 986 823 et
1039 757 1456 848 cognationes
1511 758 2083 845 complecteretur,
2136 757 2459 846 siquidem
2512 759 2597 823 de

460 863 800 930 Gennadio
833 864 1113 946 Aviem,
1147 863 1258 950 qui
1291 864 1365 928 A.
1395 863 1467 926 C.
1498 863 1660 944 450,
1686 885 1837 926 cum
1866 864 2031 951 Imp.
2062 862 2345 927 Placidio
2359 864 2597 928 Valen-

463 971 713 1038 tiniano
749 968 998 1034 Consul
1032 968 1191 1049 fuit,
1233 966 1545 1032 Sidonius
1577 968 1961 1057 Apollinaris
1994 968 2219 1032 scribit
2238 967 2372 1056 (1):
2402 971 2595 1034 Avie-

460 1099 580 1142 nus
611 1078 668 1139 si
691 1075 854 1164 quid
866 1087 1123 1164 poterat
1137 1122 1156 1151 ,
1200 1077 1267 1136 in
1265 1069 1447 1160 filiis
1460 1121 1481 1152 ,
1514 1074 1761 1160 generis
1780 1121 1801 1153 ,
1831 1073 2155 1162 fian-ibus
2182 1074 2595 1163 provehendis

459 1181 852 1246 moliebatur.
895 1180 1211 1245 Macrobii
1245 1179 1567 1243 Avienum
1608 1202 1731 1267 pro
1782 1177 1915 1244 filio
1956 1180 2060 1244 vel
2110 1195 2345 1269 nepote
2390 1181 2593 1245 nostri

405 1321 424 1342 κ
460 1288 702 1353 habere
741 1309 857 1375 par
891 1303 1008 1351 est.
1051 1285 1380 1350 Fabricius
1417 1287 1486 1349 in
1524 1286 1683 1350 Bibl.
1721 1287 1856 1351 Lat.
1884 1307 1999 1350 seu
2032 1287 2249 1374 potius
2281 1287 2595 1350 Ernestus

461 1394 528 1456 in
591 1393 787 1456 altera
847 1390 1130 1455 editione
1180 1391 1378 1471 hujus
1427 1390 1577 1455 libri
1593 1440 1614 1473 ,
1654 1390 2125 1455 Nicomachum
2181 1391 2501 1456 Avienum
2560 1415 2595 1456 a

458 1498 795 1563 Macrobio
827 1496 1129 1585 adpellari
1161 1495 1354 1578 dicit3
1403 1518 1529 1585 ego
1560 1518 1717 1560 vero
1754 1496 1822 1559 in
1864 1497 2199 1561 Macrobio
2234 1498 2379 1586 ipso
2424 1519 2594 1561 non-

459 1603 621 1668 dum
650 1603 866 1668 inveni
888 1651 909 1682 ‚
933 1624 1166 1690 ‘neque
1189 1602 1561 1666 Fabricium
1592 1601 1807 1690 ipsum
1844 1603 1910 1665 in
1948 1602 2157 1690 prima
2188 1603 2475 1668 editione
2504 1605 2596 1668 sic

460 1709 790 1797 scripsisse
816 1706 1028 1772 video,
1055 1705 1256 1788 Quod
1279 1707 1333 1770 si
1363 1707 1625 1794 probari
1658 1724 1901 1795 posset,
1924 1707 2054 1771 hoc
2084 1731 2321 1772 nomen
2348 1710 2597 1773 Avieno

460 1815 686 1896 fuisse,
742 1795 985 1877 Clodiie
1033 1813 1211 1902 genti
1260 1827 1613 1900 cognatum
1673 1811 2077 1892 ostenderet,
2128 1839 2165 1876 e
2208 1837 2338 1901 qua
2380 1814 2595 1878 Virius

453 1918 892 1986 Nicomachus
925 1917 1266 1981 Flavianus
1301 1917 1457 1999 fuit,
1505 1931 1581 1979 ut
1610 1915 1805 1981 docet
1836 1917 2177 1981 Reinesius
2202 1917 2322 2008 (2).
2358 1919 2597 1983 Notior

453 2053 488 2090 e
543 2027 834 2117 cognatis
892 2025 1120 2090 Avieni
1175 2024 1434 2089 Probus
1481 2041 1613 2106 est,
1666 2047 1861 2112 quem
1910 2025 2049 2112 ipse
2100 2027 2416 2114 sanguine
2472 2027 2593 2090 sibi

448 2135 786 2214 junctum,
821 2147 888 2194 et
934 2129 1046 2194 filii
1092 2131 1294 2194 instar
1343 2153 1380 2194 a
1429 2153 1500 2194 se
1550 2129 1731 2218 diligi
1774 2131 1864 2194 ait
1909 2130 1977 2193 in
2022 2131 2345 2228 principio
2397 2133 2593 2196 libelli

456 2239 540 2303 de
583 2240 716 2302 Ora
757 2237 1097 2300 maritima.
1145 2235 1200 2296 E
1236 2251 1334 2298 tot
1373 2257 1653 2298 numero
1688 2235 1953 2316 Probis,
1991 2259 2157 2323 quos
2194 2256 2409 2304 vetera
2452 2263 2595 2303 mo-

457 2360 768 2409 numenta
795 2341 1118 2423 indicant,
1155 2340 1258 2403 vix
1289 2339 1442 2404 licet
1472 2340 1709 2431 eligere
1745 2359 1811 2405 et
1844 2341 2213 2433 designare,
2249 2368 2445 2433 quem
2473 2369 2595 2434 pro

454 2450 678 2515 Avieni
731 2464 1011 2537 cognato
1055 2446 1317 2510 habeas.
1363 2445 1663 2509 Fabricio
1706 2446 1962 2511 videtur
2009 2472 2149 2514 esse
2196 2451 2425 2515 Sextus
2474 2452 2594 2517 Pe-

455 2556 708 2620 tronius
735 2553 1026 2633 Probus,
1051 2551 1166 2638 qui
1195 2551 1415 2615 multis
1449 2550 1904 2639 altissimisque
1933 2552 2299 2619 honoribus
2332 2556 2593 2619 illustris

455 2661 612 2725 inde
638 2659 722 2724 ab
751 2660 826 2723 A.
855 2658 930 2721 C.
959 2653 1080 2721 351
1102 2702 1121 2736 ,
1171 2678 1288 2743 per
1319 2655 1553 2745 viginti
1592 2678 1799 2721 annos
1843 2659 2194 2723 continuos
2226 2660 2294 2723 in
2328 2658 2593 2724 diversis

456 2769 863 2838 Praefecturis
896 2767 1084 2830 Praet.
1120 2765 1352 2847 ltaliae,
1379 2766 1654 2853 lllyrici,
1688 2767 1916 2831 Africae
1937 2818 1955 2848 ,
1990 2768 2375 2851 Galliarum,
2402 2771 2593 2852 vixit,

457 2894 535 2943 ut
568 2877 638 2940 in
674 2874 1000 2939 veteribus
1045 2871 1575 2958 inscriptionibus
1610 2872 1827 2936 videre
1869 2890 1969 2937 est
2000 2873 2126 2962 (3),
2157 2891 2353 2963 atque
2385 2876 2548 2940 adeo
2572 2927 2591 2959 ,

455 3002 533 3050 ut
590 2980 888 3047 Reinesio
947 2977 1205 3041 videtur
1257 2976 1377 3064 (4),
1427 2976 1747 3042 decennio
1802 2996 1952 3043 ante
2009 2980 2125 3044 has
2174 2981 2592 3047 Praefecturas

457 3089 710 3156 Vicaria
743 3103 810 3151 et
843 3084 1314 3149 proconsulatu
1357 3082 1586 3148 Africae
1619 3086 1887 3149 functus
1918 3102 2051 3167 est,
2096 3109 2425 3175 quemque
2453 3090 2593 3151 Au-

459 3196 681 3261 sonius
703 3241 722 3275 ,
775 3191 1012 3279 scripta
1057 3188 1140 3253 ad
1185 3211 1334 3253 eum
1373 3190 1643 3275 epistola
1678 3190 1831 3255 XVI
1872 3194 2131 3281 egregio
2172 3194 2385 3282 elogio
2429 3216 2591 3257 con-

525 3511 602 3576 (1)
637 3506 752 3559 Lib.
782 3505 838 3570 1,
861 3504 1014 3575 epist.
1036 3523 1086 3573 9.

525 3634 604 3701 (a)
638 3628 803 3701 Epist.
825 3626 896 3681 ad
917 3628 1051 3698 Rup.
1073 3630 1142 3695 69
1158 3666 1174 3691 ,
1197 3643 1251 3698 p.
1275 3627 1398 3691 624.

525 3758 604 3824 (3)
637 3753 790 3805 Grut.
819 3768 946 3821 pag.
985 3749 1115 3811 450,
1143 3768 1200 3801 n.
1229 3768 1276 3816 1,
1307 3768 1368 3814 π,
1399 3749 1450 3801 3.

526 3884 604 3950 (4)
639 3876 804 3947 Epist.
825 3872 1004 3925 Lxlx
1031 3870 1101 3923 ad
1129 3872 1267 3942 nup.
1299 3888 1425 3942 pag.
1457 3870 1585 3941 637,
1620 3884 1673 3923 et
1700 3870 1755 3923 in
1778 3872 2049 3944 Syntagm.
2072 3872 2313 3942 Inscript.
2334 3871 2494 3925 Class.
2526 3874 2551 3923 1
2572 3909 2586 3933 ,

455 3972 550 4039 39,
589 3986 641 4038 p.
668 3964 738 4017 68
755 4004 768 4027 ,
805 3961 898 4014 ubi
926 3971 1088 4013 totam
1121 3958 1435 4011 Aniciorum
1467 3960 1834 4032 genealogiam
1862 3958 2127 4013 describit.
2156 3957 2408 4012 Similiter
2434 3958 2589 4032 Lipe-

453 4059 572 4113 nius
596 4052 651 4108 in
679 4052 846 4107 siren.
865 4048 966 4101 civ.
987 4047 1110 4100 hist.
1133 4065 1250 4119 cap.
1272 4066 1300 4099 2
1315 4086 1331 4112 ,
1353 4064 1479 4119 pag.
1508 4064 1597 4117 7¹·
