2996 4685
904 382 1297 450 ARATEA
1348 383 2019 457 PHAENOMENA.
2376 383 2514 458 553

509 498 757 567 Secreti
796 498 1160 571 indomitus
1186 504 1354 573 vada
1385 508 1668 602 gurgitis
1703 506 1936 577 ultima
1963 524 2179 578 versat

504 607 797 702 Tiphys3
822 611 1173 705 Agenoreo
1204 613 1389 684 color
1426 617 1582 686 hinc
1618 619 1960 688 mentirier
1995 632 2176 687 ostro
2444 641 2522 688 ³⁴⁵

508 718 792 811 Incipit,
824 721 1298 816 Assyriumque
1333 725 1576 794 bibunt
1609 751 1783 796 nova
1807 726 2048 798 vellera
2079 753 2378 814 succum,

509 827 715 896 Ebria
750 843 827 896 ut
861 844 1132 900 externo
1170 831 1583 927 splendescat
1617 837 1766 907 lana
1801 863 2083 909 veneno.

508 937 617 1007 Sic
646 937 822 1030 justa
860 939 929 1006 in
972 940 1255 1035 populos
1290 969 1447 1014 mox
1478 948 1778 1043 Virginis
1814 947 2168 1042 inculpatae

506 1050 823 1117 Exarsere
857 1049 1040 1138 odia,
1072 1067 1138 1120 et
1168 1053 1401 1123 caelum
1440 1059 1820 1152 pernicibus
1856 1061 2062 1128 intrat

508 1159 680 1226 Diva
716 1157 865 1248 alis,
898 1163 1318 1259 spatiumque
1356 1167 1481 1236 sibi
1521 1168 1831 1238 subvecta
1867 1194 1986 1262 per
2021 1193 2252 1254 auras,
2446 1197 2523 1236 ³5..

507 1267 703 1337 Unde
742 1270 974 1363 procul
1020 1287 1522 1358 terrassumma
1557 1278 1666 1346 vix
1707 1294 2006 1348 cerneret
2040 1279 2245 1348 aethra
2267 1333 2285 1364 ,

506 1381 786 1472 Propter
825 1381 1062 1451 anhela
1098 1382 1309 1454 libens
1350 1385 1480 1456 late
1517 1390 1695 1483 capit
1730 1402 1906 1457 astra
1941 1391 2184 1456 Bootis.

606 1489 805 1558 Istius
840 1493 1149 1562 extremis
1182 1493 1614 1566 humerorum
1655 1498 1953 1592 partibus
1997 1511 2187 1591 urget

506 1596 708 1667 Stella
742 1597 986 1686 facem,
1015 1602 1326 1697 qualique
1369 1606 1611 1676 rubent
1648 1606 1953 1676 incendia
1993 1606 2254 1676 flamma
2275 1661 2294 1690 ,

508 1709 677 1797 Quae
712 1710 1005 1803 subjecta
1045 1714 1283 1807 procul
1319 1716 1602 1786 caudam
1637 1719 1910 1812 majoris
1951 1717 2035 1787 ad
2071 1700 2254 1786 U'rsae
2449 1740 2522 1778 ³⁵⁵

505 1820 771 1889 Vertice
807 1821 1126 1892 brumalis
1162 1825 1778 1896 circumvolvuntur
1813 1827 2120 1922 Olympi:

502 1928 679 1998 Talis
716 1931 979 2026 utrique
1020 1933 1221 2003 modo
1256 1935 1556 2004 simulet
1588 1935 1848 2030 fulgore
1887 1937 2087 2004 micat
2126 1936 2237 2005 lux

503 2037 828 2128 Plurima3
860 2043 1110 2136 quippe
1150 2043 1383 2138 procul
1420 2044 1594 2114 clare
1631 2045 1739 2114 fax
1775 2043 1961 2113 ardet
1998 2045 2070 2111 in
2106 2049 2370 2112 Arcton.

506 2151 647 2219 Nec
687 2150 1183 2244 contemplandi
1225 2153 1413 2224 labor
1453 2157 1724 2242 anxius3
1762 2154 1985 2224 omnia
2020 2154 2248 2249 primis

506 2259 727 2329 Obvia
754 2285 875 2329 ceu
903 2261 1173 2332 vibrant
1207 2264 1554 2335 obtutibus
1575 2290 1800 2353 ;.unus
1837 2266 1921 2335 ab
1959 2289 2077 2336 ore
2185 2331 2198 2347 ,
2451 2283 2529 2322 ³⁶⁰

503 2372 676 2459 Quae
708 2386 863 2441 sunt
893 2373 1111 2466 prima
1143 2374 1281 2444 fere
1312 2378 1620 2473 vestigia,
1659 2380 2005 2473 praeminet
2049 2379 2246 2472 ignis3

504 2479 767 2566 Altera,
799 2507 929 2575 qua
966 2484 1246 2578 pedibus
1292 2490 1475 2581 regio
1517 2503 1616 2557 est
1650 2486 2060 2575 elunalibus‚
2091 2486 2281 2558 ardet

508 2583 711 2661 Stella
754 2592 979 2662 itidem
1003 2648 1023 2679 ‚
1060 2595 1474 2689 genibusque
1514 2597 1753 2666 dehinc
1790 2622 1858 2665 se
1898 2598 2091 2666 tertia
2133 2600 2411 2690 promit,

506 2700 765 2771 AEmula
809 2727 941 2795 qua
987 2702 1199 2771 rutilae
1244 2703 1531 2799 flagrant
1565 2706 1855 2774 confinia
1895 2706 2144 2774 caudae.
2214 2746 2222 2752 ·

502 2813 657 2882 Non
694 2827 915 2881 tamen
953 2813 1053 2882 his
1093 2814 1374 2906 specieS,
1409 2840 1548 2883 non
1581 2830 1738 2883 sunt
1773 2815 2165 2908 cognomina
2203 2829 2410 2899 certa,
2447 2840 2528 2879 πε

506 2922 634 2992 Sed
673 2924 996 3017 permixta
1034 2922 1224 2995 simul
1253 2922 1433 3019 vulgi
1461 2926 1602 2993 vice
1634 2924 2148 2993 convolvuntur.

484 3096 599 3160 344.
628 3100 809 3148 Secreti
830 3100 1105 3151 indomitus.
1129 3098 1305 3169 Vulgo
1339 3101 1429 3148 im·
1516 3102 1635 3148 lana
1651 3116 1856 3155 veneno,
1874 3115 1938 3150 ex
1965 3095 2334 3149 emendatione
2350 3094 2536 3149 Grotii.

415 3179 658 3237 modicus,
688 3175 835 3249 quod
872 3178 1051 3230 nescio
1089 3196 1184 3230 cur
1209 3177 1427 3231 Grotius
1515 3176 1726 3248 Vulgo:
1769 3191 2000 3228 extremo.
2029 3176 2224 3228 Levior
2253 3186 2386 3228 esset
2412 3192 2532 3227 mu·

412 3256 724 3320 mutaverit,
768 3256 1215 3327 quemadmodum
1270 3257 1425 3310 etiam
1515 3257 1642 3308 tatio
1660 3296 1675 3321 ‚
1714 3255 1758 3309 ni
1795 3272 2013 3307 extrema
2061 3254 2256 3325 legeres
2275 3290 2290 3316 ,
2339 3251 2534 3305 scilicet

414 3352 569 3404 supra
599 3353 673 3386 vs.
702 3352 819 3404 177.
1018 3330 1026 3337 ’
1513 3335 1629 3387 lana
1651 3374 1667 3401 ,
1699 3348 1760 3387 ut
1799 3351 1999 3387 summa
2041 3332 2160 3386 lana
2201 3330 2528 3401 splendescat

485 3412 604 3477 345.
625 3419 879 3481 Agenoreo
900 3418 1034 3465 color
1054 3416 1167 3463 hine
1184 3416 1428 3464 mentirier
1512 3432 1769 3485 purpura.

413 3506 541 3542 ostro
578 3494 771 3559 Ῑησίρίε.
806 3495 1055 3545 Mentin'er
1088 3488 1289 3562 passive
1320 3490 1423 3544 hoc
1583 3492 1932 3562 357.Ucn'que.
1955 3488 2059 3541 Alii
2083 3492 2530 3555 utrumque-..Fax

414 3570 531 3623 loco
568 3590 666 3643 pro
702 3570 935 3624 simulari
951 3610 967 3636 ,
995 3582 1047 3622 et
1073 3572 1318 3620 mentirier
1350 3574 1423 3621 in·
1511 3574 1653 3622 ardet
1679 3572 1730 3621 ἰη
1751 3576 1923 3623 Arcto.
1948 3567 2128 3637 Vulgo
2152 3586 2165 3617 ε
2192 3572 2392 3617 Arcton.

413 3652 531 3717 cipit
568 3668 669 3721 pro
710 3654 940 3701 nuntiem·
984 3648 1213 3709 dicmm;
1269 3661 1327 3701 ut
1371 3661 1424 3702 et
1581 3648 1700 3717 359.
1737 3652 1842 3699 Nec
1871 3647 2252 3713 contemplandi.
2279 3642 2377 3697 Ed.
2407 3642 2528 3697 Ald-

413 3744 548 3797 saepe
574 3728 843 3781 Manilius.
1510 3745 1782 3800 perperam
1805 3744 1818 3779 :
1841 3731 1918 3777 Ne
1938 3725 2317 3791 contemplandi.

480 3806 605 3871 346.
634 3812 775 3858 Nova
792 3810 979 3859 vellera
1000 3825 1209 3858 succum.
1236 3809 1424 3857 Vellere
1582 3806 1684 3873 359
1699 3847 1715 3872 ,
1738 3807 1857 3860 360.
1880 3806 2058 3856 Omnia
2075 3804 2248 3871 primis
2272 3804 2420 3853 Obvia
2439 3820 2526 3851 eeu

412 3884 555 3939 dedit
578 3884 734 3939 Buhl.
764 3885 854 3939 sed
892 3886 977 3939 hic
1002 3904 1149 3939 error
1175 3896 1421 3957 typogra·
1509 3890 1710 3939 vibrant
1742 3889 1996 3938 obtutibus.
2036 3883 2252 3936 Grotius
2300 3882 2528 3953 conjecit

411 3964 505 4035 phi
532 3966 754 4031 videtur,
777 3985 901 4019 nam
922 3965 1055 4018 nihil
1082 3977 1189 4029 est,
1210 3982 1321 4034 quo
1348 3982 1427 4018 re·
1515 3969 1796 4017 eomas-am
1817 3984 1920 4038 pro
1945 3982 2032 4015 ceu
2053 3965 2270 4015 vibrant.
2289 3958 2392 4014 Sed
2419 3960 2531 4012 vul·

412 4043 613 4097 feratur
634 4064 775 4097 nova.
804 4044 903 4096 En.
1514 4054 1637 4116 gata
1687 4044 1842 4097 lectio
1885 4044 2023 4097 bene
2073 4060 2128 4095 se
2180 4040 2380 4095 habens
2431 4056 2536 4091 ser-

484 4125 599 4194 347.
638 4127 791 4175 Ebria
818 4139 872 4175 uc
908 4138 1103 4175 externo
1133 4126 1431 4191 splendescat
1517 4120 1686 4176 vande
1713 4136 1806 4178 est.
