2996 4685
765 420 1370 489 DESCRIPTIO
1433 422 1731 487 ORBIS
1800 421 2174 487 TERRAE,

2397 416 2536 511 309

499 539 816 623 Laodice,
849 558 914 609 et
951 542 1164 636 glauci
1205 542 1663 635 praelambitur
1696 545 1979 634 aequoris
2016 542 2218 610 unda.

502 649 628 718 Hic
665 676 1011 721 nemorosa
1055 655 1270 721 virent
1305 654 1614 747 Daphnae
1644 652 1818 736 loca,
1845 652 2015 722 celsa
2052 678 2405 745 cupressus

501 760 834 855 Erigitur,
879 787 1100 831 ramos
1134 766 1416 832 innectit
1453 764 1681 833 laurus
1718 764 1957 847 odora,

505 872 710 941 Crine
745 874 1027 941 Dionaeo
1063 889 1318 967 myrtus
1362 873 1786 959 diffunditur,
1820 872 1969 941 altae
2443 898 2543 935 10⁸⁰

507 984 943 1077 Consurgunt
993 985 1230 1077 pinuS‚
1277 1000 1343 1052 et
1391 984 1625 1053 caelum
1670 984 1860 1052 sibila
1906 981 2174 1075 pulsant

409 1213 618 1284 quitus,
655 1227 715 1266 ut
765 1234 873 1267 nou
926 1217 1096 1267 solum
1148 1214 1332 1267 domos
1379 1216 1432 1265 in

411 1292 686 1360 praealtum
725 1294 986 1364 fastigium
1011 1294 1175 1347 elatas
1197 1335 1216 1359 ,
1242 1292 1334 1347 sed
1379 1294 1432 1345 in

411 1370 654 1442 plurimis
699 1372 858 1425 etiam
900 1374 1186 1426 eminentes
1225 1392 1254 1425 e
1287 1372 1434 1425 tectis

412 1461 583 1503 turres
639 1452 920 1517 haberent,
959 1472 989 1505 e
1029 1454 1224 1525 quibus
1279 1454 1436 1523 longe

412 1527 622 1601 lateque
655 1532 884 1604 prospici
907 1533 962 1585 in
985 1552 1158 1598 mare,
1178 1546 1229 1586 et
1255 1534 1434 1585 obser·

415 1608 528 1661 vari
570 1628 730 1663 naves
769 1612 1038 1667 venientes
1087 1625 1140 1665 et
1179 1612 1436 1665 abeuntes

412 1701 644 1757 possent.
691 1690 806 1743 Hoc
847 1691 902 1741 in
944 1690 1130 1761 primis
1165 1689 1235 1744 de
1252 1691 1400 1761 Tyro
1420 1725 1434 1748 ,

414 1766 750 1821 celeberrima
776 1769 989 1821 urbium
1013 1768 1400 1821 maritimarum
1419 1806 1434 1831 ‚

414 1844 728 1916 praedicavit
738 1846 936 1899 Tibull.
953 1848 1004 1909 1,
1021 1866 1052 1917 7
1071 1886 1086 1910 ‚
1108 1866 1168 1915 19
1188 1867 1202 1900 ε
1219 1873 1240 1895 σι
1260 1848 1439 1917 thue

415 1926 578 1977 maris
617 1938 822 1979 vastum
861 1939 1159 1998 prospectet
1205 1926 1440 1979 turribus

415 2021 602 2077 aequor
631 2006 810 2057 Prima
836 2018 1002 2058 ratem
1029 2007 1197 2059 ventis
1225 2006 1440 2059 credere

417 2082 579 2136 docta
611 2082 844 2156 Tyrosn.
867 2084 1008 2138 Hinc
1037 2086 1197 2137 etiam
1237 2084 1305 2137 de
1333 2083 1440 2136 Po-

416 2160 554 2215 sidio
567 2203 582 2229 ,
598 2162 755 2215 simili
774 2164 906 2217 urbe
917 2204 933 2229 ‚
948 2183 1067 2235 quae
1085 2164 1226 2236 apud
1247 2165 1444 2236 Diony-

417 2242 552 2295 sium
581 2243 941 2313 subsequitur,
966 2244 1036 2297 ab
1054 2244 1259 2297 Avieno
1282 2244 1444 2301 omise

417 2341 478 2376 sa
490 2332 586 2388 est,
600 2323 920 2389 Priscianus,
929 2342 982 2374 v.
1005 2324 1130 2389 858,
1145 2322 1271 2378 satis
1286 2321 1444 2378 >docte

419 2402 670 2472 loquutus
685 2414 762 2457 est
775 2443 792 2466 ,
809 2405 905 2474 qui
923 2407 1088 2456 Posidi
1102 2418 1257 2454 turres
1277 2405 1444 2457 nomi·

421 2493 530 2534 nat.
579 2482 749 2534 Etiam
771 2481 996 2535 Ovidius
1013 2522 1030 2548 ,
1057 2483 1186 2536 Her.
1223 2482 1410 2535 XVIII
1430 2522 1446 2547 ,

429 2580 488 2613 12
509 2599 524 2626 ‚
570 2561 639 2613 de
679 2562 872 2634 Abydo
920 2561 990 2614 ad
1041 2561 1444 2632 Hellespontum

423 2651 546 2710 apte
559 2659 572 2690 t
584 2659 780 2711 equum
791 2640 1000 2694 vincula
1015 2659 1186 2710 prorae
1193 2640 1447 2704 Solveret,

428 2719 482 2769 in
525 2719 752 2789 speculis
793 2718 965 2772 omnis
1011 2718 1228 2787 Abydus
1273 2731 1444 2772 erat».

426 2799 628 2870 Nempe
665 2805 874 2867 specula·
917 2811 1040 2852 suut
1082 2810 1253 2852 turres
1304 2799 1446 2869 ipsae.

505 2959 658 3026 1078.
695 2961 868 3010 γίνεται
901 2963 1110 3026 Daphne
1141 2964 1254 3010 loca
1282 2959 1444 3029 Cusp.

430 3039 658 3105 Daphnos·
683 3043 796 3090 loca
811 3037 948 3092 vad.
972 3039 1108 3092 Pith.
1133 3037 1302 3092 Huds.
1323 3042 1454 3090 νίψει

433 3117 616 3168 Ambr.
667 3117 804 3171 Hinc
859 3137 1036 3189 posses
1085 3118 1310 3171 scribere
1359 3123 1451 3170 Hic

346 3187 356 3200 ⁸
435 3213 692 3246 uernat-osa
733 3200 864 3250 viret
907 3202 1117 3265 Daphne
1169 3202 1298 3250 loca.
1348 3197 1452 3251 Sed

437 3273 654 3344 Dionys.
696 3279 834 3341 916:
866 3275 970 3346 ἱερὰ.
1003 3278 1192 3344 riperta.
1232 3278 1448 3345 Δάφνης,

436 3363 490 3406 et
521 3352 774 3407 Priscian.
803 3371 878 3406 vs.
903 3353 1038 3406 858:
1091 3366 1183 3406 -et
1203 3353 1454 3426 Daphnes

436 3433 634 3503 optima
685 3444 858 3501 tempe
886 3458 946 3496 n,
1003 3433 1096 3504 qni
1142 3433 1457 3486 confirmant

436 3513 736 3583 vulgatum,
770 3510 1063 3564 Schradero
1098 3530 1308 3566 mecum
1343 3531 1456 3565 sen-

436 3594 615 3648 tiente.
635 3623 706 3633 —
726 3596 866 3646 Celsa
917 3612 1169 3660 cupressus
1221 3595 1456 3659 Erigitur.

441 3673 724 3743 cupressos
760 3672 850 3726 hic
875 3671 1108 3724 Avienus
1145 3689 1266 3744 non‘
1285 3691 1349 3724 ex
1376 3672 1457 3724 in-

440 3752 594 3823 genio
611 3752 766 3806 finxit
780 3794 795 3819 ,
812 3751 904 3806 sed
919 3750 1162 3823 Daphuae
1175 3769 1364 3804 nemus
1387 3752 1462 3803 in-

440 3831 625 3902 primis
677 3832 922 3904 frequens
967 3831 1226 3903 cupressis
1269 3829 1432 3882 fuisse
1447 3871 1462 3895 ,

441 3911 702 3964 innumeri
730 3911 1010 3983 scriptores
1035 3923 1310 3965 testantur.
1339 3911 1462 3962 Phi-

443 3991 586 4043 lostr.
601 3991 628 4042 1
640 4029 656 4053 ‚
676 4009 762 4055 12;
779 3992 1058 4056 Sozom.V‚
1082 3995 1161 4045 18.
1179 3991 1461 4061 Hegesipp.

445 4070 543 4135 IV,
580 4089 638 4122 1:
685 4071 957 4128 «Seleucia
991 4073 1144 4140 juxta
1180 4072 1466 4125 amoeuissi-

1525 1214 1774 1284 Daphnes
1804 1230 2017 1277 nemus,
2038 1210 2325 1281 cyparissis
2351 1212 2551 1262 arbori-

1528 1292 1628 1344 bus
1688 1291 1943 1343 intextum
1960 1328 1975 1352 ,
2025 1301 2227 1351 scatens
2277 1290 2513 1343 fontibus
2534 1328 2549 1352 ,

1524 1370 1719 1443 quibus
1764 1369 2153 1442 praetermeanti
2194 1368 2360 1421 fluvio
2411 1370 2513 1421 loci
2533 1408 2547 1431 ,

1526 1468 1685 1521 quem
1720 1451 1981 1503 minorem
2010 1448 2295 1501 Jordanem
2318 1462 2512 1503 vocant
2535 1486 2553 1511 ‚

1525 1531 1844 1582 nutrimenta
1856 1527 2095 1600 quedam
2111 1528 2288 1581 lacteis
2304 1529 2553 1581 uberibus

1526 1608 1763 1662 infundit
1772 1635 1817 1660 a.
1830 1608 1937 1661 Seu
1944 1626 1995 1661 11.
2010 1606 2165 1661 Plura
2177 1621 2411 1661 veterum
2428 1611 2554 1661 scri-

1524 1685 1733 1759 ptor'um
1744 1688 2043 1741 testimonia
2055 1685 2123 1739 de
2133 1688 2255 1741 luco
2273 1688 2556 1760 Daphnen-

1529 1767 1589 1831 si,
1606 1768 1867 1839 cupressis
1892 1768 2063 1821 obsito
2090 1780 2141 1819 et
2166 1768 2521 1819 amoenissimo
2537 1809 2552 1831 ‚

1528 1848 1677 1917 large
1715 1846 2065 1917 suppeditabit
2091 1847 2203 1900 Jac.
2235 1846 2553 1899 Gothofred.

1533 1927 1603 1979 ad
1638 1925 1995 1979 Cod.‘1'heod.
2035 1926 2128 1977 lib.
2168 1926 2249 1985 X,
2278 1926 2355 1978 tit.
2392 1927 2417 1975 Ι
2438 1964 2453 1988 ,
2488 1926 2556 1978 de

1530 2007 1649 2077 jure
1674 2006 1812 2071 fisci,
1829 2007 1862 2056 1.
1888 2024 1947 2057 12
1966 2044 1981 2069 ,
2000 2022 2107 2074 qua
2126 2023 2249 2057 cum
2276 2006 2391 2075 lege
2414 2008 2557 2057 conf.

1535 2085 1668 2139 cod.
1698 2086 1829 2138 Just.
1855 2085 1882 2135 Ι
1898 2122 1913 2147 ,
1938 2103 1959 2136 1
1987 2096 2039 2135 et
2062 2105 2089 2137 2
2113 2085 2192 2135 tit.
2222 2088 2284 2135 de
2320 2088 2559 2153 cupressis

1536 2186 1603 2217 ex
1625 2170 1735 2218 luco
1756 2170 1951 2232 Dapkn.
1970 2184 2069 2217 non
2099 2168 2267 2217 excid.
2293 2180 2385 2215 aue
2406 2172 2559 2217 vend.

1530 2242 1739 2297 Addam
1758 2255 1962 2297 tantum
1984 2242 2129 2295 hune
2156 2242 2345 2305 Claud.
2366 2244 2569 2309 locum,

1534 2325 1689 2378 verba
1714 2324 1905 2377 Avieni
1922 2323 2165 2394 inprimis
2186 2322 2533 2378 illustrantem
2546 2364 2560 2384 ,

1534 2402 1603 2456 de
1618 2405 1770 2474 Rapt.
1788 2403 1933 2456 Pros.
1954 2402 2037 2454 111
2051 2441 2065 2464 ,
2082 2405 2207 2472 3702
2239 2403 2561 2456 «Tollebant

1528 2483 1755 2552 ,gemina
1780 2482 1955 2554 capita
1994 2481 2245 2536 inviolata
2280 2501 2563 2555 cupressus

1526 2562 1749 2632 Cespite
1770 2561 1975 2616 vicino.
1998 2602 2011 2614 .
2034 2563 2241 2633 ‚quales
2264 2582 2371 2616 non
2400 2563 2563 2616 divite

1531 2642 1651 2712 ‚ripa
1683 2641 1897 2694 Lambit
1922 2641 2187 2712 Apollinei
2210 2643 2439 2696 nemoris
2466 2663 2563 2696 nu-

1536 2720 1689 2772 tritor
1708 2719 1937 2775 Orontes
1956 2745 1999 2772 n.
2028 2723 2127 2774 W.
2546 2721 2551 2726 ’

1616 2816 1762 2867 1079.
1804 2805 1985 2850 Romus
2022 2804 2225 2850 innectit
2255 2802 2387 2852 Ven.
2438 2800 2563 2854 hinc

1540 2878 1770 2930 Pithoeus
1816 2883 1967 2930 rumis
2024 2881 2147 2932 fecit
2168 2921 2183 2944 ‚
2234 2879 2325 2932 sed
2372 2881 2565 2932 rectius

1541 2957 1703 3030 Cusp.
1733 2971 1787 3012 et
1814 2958 1951 3012 vad.
1990 2979 2179 3020 ramos,
2228 2959 2373 3031 quod
2422 2960 2563 3012 idem

1541 3045 1681 3111 conj.
1716 3037 1883 3092 Huds.
1917 3051 1969 3092 et
2007 3039 2197 3109 probat
2238 3038 2565 3094 Schraderus

1540 3121 1595 3170 in
1618 3131 1729 3172 not.

1618 3200 1767 3253 1080.
1790 3201 1935 3252 Gn‘ne
1951 3201 2185 3258 Diona-o,
2210 3199 2335 3268 quia
2362 3210 2567 3269 myrtus

1541 3279 1733 3330 Veneri
1774 3295 1945 3330 sacra.
1990 3276 2131 3330 Hinc
2198 3304 2221 3322 ι·
2253 3276 2567 3348 Cytheriaca

1520 3368 1785 3429 ,myrtusa
1819 3355 1983 3408 ovid.
2006 3355 2150 3406 Fast.
2170 3355 2273 3420 lv,
2311 3359 2391 3407 15.
2416 3355 2567 3425 Virg.

1545 3435 1609 3488 G.
1631 3436 1708 3500 11,
1728 3439 1795 3498 64
1812 3452 1827 3485 ε
1847 3430 2052 3486 ιοοΙίἀο
2071 3432 2281 3503 Paphie
2293 3432 2363 3484 de
2379 3435 2571 3487 robore

1548 3525 1811 3586 myrtus».
1841 3514 1907 3564 Et
1944 3511 2018 3564 sic
2047 3512 2115 3563 ab
2147 3511 2265 3564 aliis
2286 3512 2455 3582 poetis
2476 3520 2571 3566 Pa·

1538 3599 1689 3664 plu'as
1722 3607 1903 3658 myrtos
1940 3590 2047 3644 dici
2079 3590 2261 3644 docuit
2298 3592 2465 3645 Bentl.
2502 3593 2569 3644 ad

1549 3675 1731 3726 Horat.
1762 3673 1937 3726 carm.
1966 3671 2045 3736 11,
2078 3675 2159 3734 15,
2190 3670 2242 3723 5.
2262 3671 2361 3724 W.

1627 3755 1723 3808 108
1734 3772 1755 3805 1
1764 3793 1775 3804 .
1799 3757 1979 3807 Caium
1990 3755 2135 3804 sibila
2142 3757 2350 3820 pulsam
2360 3758 2571 3814 Robora,

1553 3835 1657 3886 hoc
1686 3846 1794 3898 est,
1822 3835 2097 3892 sibilantia,
2120 3832 2575 3903 quemadmodum

1554 3916 1697 3964 sibila
1730 3917 1861 3966 colla
1896 3910 2031 3966 dixit
2058 3912 2205 3982 Virg.
2232 3911 2425 3984 Georg.
2455 3913 2539 3964 111
2559 3954 2575 3978 ‚

1558 4001 1678 4058 4²¹·
1699 3993 2074 4064 Intelliguntur
2090 3992 2217 4062 ipsae
2234 3993 2395 4062 pinus
2408 4031 2424 4055 ,
2446 4011 2577 4063 quas

1558 4085 1677 4125 ante
1710 4071 1863 4136 dixit,
1896 4085 1947 4125 et
1976 4071 2166 4142 quibus
2187 4084 2345 4125 vento
2372 4071 2578 4142 agitatis

445 4167 592 4204 mum
633 4149 762 4204 iuud
799 4163 852 4204 et
893 4152 1098 4206 celebre
1137 4171 1233 4224 per
1264 4152 1466 4225 Syriam
1559 4151 1778 4224 quidam
1806 4152 1985 4206 sibilus
2013 4151 2097 4207 vel
2118 4164 2303 4204 cantus
2330 4151 2483 4204 etiam
2516 4168 2581 4201 ex
