<?xml version="1.0" encoding="UTF-8"?>
<!DOCTYPE html PUBLIC "-//W3C//DTD XHTML 1.0 Transitional//EN"
    "http://www.w3.org/TR/xhtml1/DTD/xhtml1-transitional.dtd">
<html xmlns="http://www.w3.org/1999/xhtml" xml:lang="en" lang="en">
 <head>
  <title>
</title>
<meta http-equiv="Content-Type" content="text/html;charset=utf-8" />
  <meta name='ocr-system' content='tesseract 3.04.00' />
  <meta name='ocr-capabilities' content='ocr_page ocr_carea ocr_par ocr_line ocrx_word'/>
</head>
<body>
  <div class='ocr_page' id='page_1' title='image "./poetaelatinimin01unkngoog_0507.png"; bbox 0 0 2996 4685; ppageno 0'>
   <div class='ocr_carea' id='block_1_1' title="bbox 579 394 1955 498">
    <p class='ocr_par' dir='ltr' id='par_1_1' title="bbox 579 394 1955 498">
     <span class='ocr_line' id='line_1_1' title="bbox 579 394 1955 498; baseline -0.007 -28"><span class='ocrx_word' id='word_1_1' title='bbox 579 403 719 498; x_wconf 75' lang='lat'>498</span> <span class='ocrx_word' id='word_1_2' title='bbox 1320 394 1873 463; x_wconf 55' lang='lat' dir='ltr'>Excnns&#39;us</span> <span class='ocrx_word' id='word_1_3' title='bbox 1923 395 1955 460; x_wconf 91' lang='lat'>1</span> 
     </span>
    </p>
   </div>
   <div class='ocr_carea' id='block_1_2' title="bbox 513 511 2727 4233">
    <p class='ocr_par' dir='ltr' id='par_1_2' title="bbox 561 511 2727 1916">
     <span class='ocr_line' id='line_1_2' title="bbox 576 511 2725 600; baseline -0.004 -13"><span class='ocrx_word' id='word_1_4' title='bbox 576 524 726 588; x_wconf 87' lang='lat' dir='ltr'>dem</span> <span class='ocrx_word' id='word_1_5' title='bbox 764 519 942 585; x_wconf 86' lang='lat' dir='ltr'>libris</span> <span class='ocrx_word' id='word_1_6' title='bbox 987 517 1292 582; x_wconf 81' lang='lat' dir='ltr'>videntur</span> <span class='ocrx_word' id='word_1_7' title='bbox 1325 537 1462 580; x_wconf 87' lang='lat' dir='ltr'>esse</span> <span class='ocrx_word' id='word_1_8' title='bbox 1483 563 1502 596; x_wconf 94' lang='lat'>,</span> <span class='ocrx_word' id='word_1_9' title='bbox 1544 536 1688 600; x_wconf 80' lang='lat' dir='ltr'>quae</span> <span class='ocrx_word' id='word_1_10' title='bbox 1741 511 2070 577; x_wconf 79' lang='lat' dir='ltr'><strong>Plutarch.</strong></span> <span class='ocrx_word' id='word_1_11' title='bbox 2119 512 2200 577; x_wconf 91' lang='lat' dir='ltr'>de</span> <span class='ocrx_word' id='word_1_12' title='bbox 2243 515 2467 578; x_wconf 76' lang='lat' dir='ltr'>solert-</span> <span class='ocrx_word' id='word_1_13' title='bbox 2518 515 2725 578; x_wconf 83' lang='lat' dir='ltr'>anim.</span> 
     </span>
     <span class='ocr_line' id='line_1_3' title="bbox 579 612 2727 706; baseline -0.003 -19"><span class='ocrx_word' id='word_1_14' title='bbox 579 640 734 687; x_wconf 90' lang='lat' dir='ltr'>tom.</span> <span class='ocrx_word' id='word_1_15' title='bbox 767 621 829 684; x_wconf 88' lang='lat' dir='ltr'>X</span> <span class='ocrx_word' id='word_1_16' title='bbox 849 668 867 701; x_wconf 91' lang='lat'>,</span> <span class='ocrx_word' id='word_1_17' title='bbox 901 639 1080 706; x_wconf 89' lang='lat' dir='ltr'>oper.</span> <span class='ocrx_word' id='word_1_18' title='bbox 1105 639 1170 704; x_wconf 88' lang='lat' dir='ltr'>p.</span> <span class='ocrx_word' id='word_1_19' title='bbox 1203 620 1320 703; x_wconf 71' lang='lat'>49,</span> <span class='ocrx_word' id='word_1_20' title='bbox 1363 615 1597 681; x_wconf 79' lang='lat' dir='ltr'>Iubam</span> <span class='ocrx_word' id='word_1_21' title='bbox 1642 613 1842 677; x_wconf 81' lang='lat' dir='ltr'>refert</span> <span class='ocrx_word' id='word_1_22' title='bbox 1888 635 2181 677; x_wconf 86' lang='lat' dir='ltr'>narrasse</span> <span class='ocrx_word' id='word_1_23' title='bbox 2212 612 2295 678; x_wconf 90' lang='lat' dir='ltr'>de</span> <span class='ocrx_word' id='word_1_24' title='bbox 2332 613 2727 702; x_wconf 84' lang='lat' dir='ltr'>elephanto-</span> 
     </span>
     <span class='ocr_line' id='line_1_4' title="bbox 575 713 2723 804; baseline -0.003 -18"><span class='ocrx_word' id='word_1_25' title='bbox 575 743 722 786; x_wconf 85' lang='lat' dir='ltr'>rum</span> <span class='ocrx_word' id='word_1_26' title='bbox 752 720 1054 785; x_wconf 88' lang='lat' dir='ltr'>societate</span> <span class='ocrx_word' id='word_1_27' title='bbox 1077 734 1143 782; x_wconf 87' lang='lat' dir='ltr'>et</span> <span class='ocrx_word' id='word_1_28' title='bbox 1171 733 1406 781; x_wconf 89' lang='lat' dir='ltr'>mutuo</span> <span class='ocrx_word' id='word_1_29' title='bbox 1438 716 1679 780; x_wconf 80' lang='lat' dir='ltr'>auxilio</span> <span class='ocrx_word' id='word_1_30' title='bbox 1704 716 1771 777; x_wconf 91' lang='lat' dir='ltr'>in</span> <span class='ocrx_word' id='word_1_31' title='bbox 1794 731 2181 779; x_wconf 80' lang='lat' dir='ltr'><strong>venatorum</strong></span> <span class='ocrx_word' id='word_1_32' title='bbox 2218 713 2477 780; x_wconf 83' lang='lat' dir='ltr'>insidiis</span> <span class='ocrx_word' id='word_1_33' title='bbox 2514 739 2723 804; x_wconf 80' lang='lat' dir='ltr'>supe-</span> 
     </span>
     <span class='ocr_line' id='line_1_5' title="bbox 575 816 2719 903; baseline -0.002 -18"><span class='ocrx_word' id='word_1_34' title='bbox 575 819 816 885; x_wconf 88' lang='lat' dir='ltr'>randis.</span> <span class='ocrx_word' id='word_1_35' title='bbox 846 820 1018 883; x_wconf 89' lang='lat' dir='ltr'>Citat</span> <span class='ocrx_word' id='word_1_36' title='bbox 1053 819 1244 882; x_wconf 89' lang='lat' dir='ltr'>etiam</span> <span class='ocrx_word' id='word_1_37' title='bbox 1277 818 1623 882; x_wconf 79' lang='lat' dir='ltr'>Athenoeus</span> <span class='ocrx_word' id='word_1_38' title='bbox 1656 816 1825 880; x_wconf 86' lang='lat' dir='ltr'>libro</span> <span class='ocrx_word' id='word_1_39' title='bbox 1856 817 1951 880; x_wconf 91' lang='lat' dir='ltr'>Ill</span> <span class='ocrx_word' id='word_1_40' title='bbox 1970 865 1987 893; x_wconf 90' lang='lat'>‚</span> <span class='ocrx_word' id='word_1_41' title='bbox 2036 839 2101 903; x_wconf 90' lang='lat' dir='ltr'>p.</span> <span class='ocrx_word' id='word_1_42' title='bbox 2133 816 2251 897; x_wconf 88' lang='grc'>83,</span> <span class='ocrx_word' id='word_1_43' title='bbox 2280 833 2347 882; x_wconf 90' lang='lat' dir='ltr'>et</span> <span class='ocrx_word' id='word_1_44' title='bbox 2382 817 2491 880; x_wconf 89' lang='lat' dir='ltr'>his</span> <span class='ocrx_word' id='word_1_45' title='bbox 2532 818 2719 881; x_wconf 85' lang='lat' dir='ltr'>libris</span> 
     </span>
     <span class='ocr_line' id='line_1_6' title="bbox 573 916 2723 1008; baseline -0.001 -22"><span class='ocrx_word' id='word_1_46' title='bbox 573 921 806 986; x_wconf 82' lang='lat' dir='ltr'>Iubam</span> <span class='ocrx_word' id='word_1_47' title='bbox 837 935 1054 983; x_wconf 86' lang='lat' dir='ltr'>narrat</span> <span class='ocrx_word' id='word_1_48' title='bbox 1078 920 1426 1008; x_wconf 77' lang='lat' dir='ltr'>scripsisse,</span> <span class='ocrx_word' id='word_1_49' title='bbox 1454 918 1697 981; x_wconf 89' lang='lat' dir='ltr'>malum</span> <span class='ocrx_word' id='word_1_50' title='bbox 1722 916 1863 980; x_wconf 88' lang='lat' dir='ltr'>citri</span> <span class='ocrx_word' id='word_1_51' title='bbox 1884 939 2045 996; x_wconf 87' lang='lat' dir='ltr'>esse,</span> <span class='ocrx_word' id='word_1_52' title='bbox 2071 917 2253 1004; x_wconf 90' lang='lat' dir='ltr'>quod</span> <span class='ocrx_word' id='word_1_53' title='bbox 2272 916 2454 1005; x_wconf 90' lang='lat' dir='ltr'>apud</span> <span class='ocrx_word' id='word_1_54' title='bbox 2477 919 2723 1007; x_wconf 80' lang='lat' dir='ltr'>Libyes</span> 
     </span>
     <span class='ocr_line' id='line_1_7' title="bbox 572 1017 2717 1110; baseline -0.001 -22"><span class='ocrx_word' id='word_1_55' title='bbox 572 1040 844 1089; x_wconf 81' lang='lat' dir='ltr'>vocetur</span> <span class='ocrx_word' id='word_1_56' title='bbox 886 1019 1320 1110; x_wconf 85' lang='lat' dir='ltr'>Hesperidum</span> <span class='ocrx_word' id='word_1_57' title='bbox 1371 1019 1613 1084; x_wconf 89' lang='lat' dir='ltr'>malum</span> <span class='ocrx_word' id='word_1_58' title='bbox 1634 1065 1653 1100; x_wconf 94' lang='lat'>,</span> <span class='ocrx_word' id='word_1_59' title='bbox 1702 1017 1855 1082; x_wconf 90' lang='lat' dir='ltr'>inde</span> <span class='ocrx_word' id='word_1_60' title='bbox 1894 1020 2242 1100; x_wconf 73' lang='lat' dir='ltr'>Herculem</span> <span class='ocrx_word' id='word_1_61' title='bbox 2278 1020 2349 1082; x_wconf 92' lang='lat' dir='ltr'>in</span> <span class='ocrx_word' id='word_1_62' title='bbox 2388 1020 2717 1085; x_wconf 74' lang='lat' dir='ltr'>Graeciam</span> 
     </span>
     <span class='ocr_line' id='line_1_8' title="bbox 569 1120 2719 1209; baseline -0.001 -21"><span class='ocrx_word' id='word_1_63' title='bbox 569 1123 986 1204; x_wconf 89' lang='lat' dir='ltr'>transtulisse,</span> <span class='ocrx_word' id='word_1_64' title='bbox 1027 1143 1350 1209; x_wconf 87' lang='lat' dir='ltr'>aureaque</span> <span class='ocrx_word' id='word_1_65' title='bbox 1383 1136 1609 1185; x_wconf 76' lang='lat' dir='ltr'>vocata</span> <span class='ocrx_word' id='word_1_66' title='bbox 1652 1141 1791 1186; x_wconf 87' lang='lat' dir='ltr'>esse</span> <span class='ocrx_word' id='word_1_67' title='bbox 1822 1120 1961 1200; x_wconf 86' lang='lat' dir='ltr'>ejus</span> <span class='ocrx_word' id='word_1_68' title='bbox 2000 1121 2250 1184; x_wconf 87' lang='lat' dir='ltr'>arboris</span> <span class='ocrx_word' id='word_1_69' title='bbox 2282 1120 2450 1184; x_wconf 88' lang='lat' dir='ltr'>mala</span> <span class='ocrx_word' id='word_1_70' title='bbox 2478 1121 2571 1186; x_wconf 90' lang='lat' dir='ltr'>ob</span> <span class='ocrx_word' id='word_1_71' title='bbox 2612 1145 2719 1186; x_wconf 85' lang='lat' dir='ltr'>co·</span> 
     </span>
     <span class='ocr_line' id='line_1_9' title="bbox 568 1220 2718 1312; baseline -0.001 -23"><span class='ocrx_word' id='word_1_72' title='bbox 568 1227 722 1290; x_wconf 87' lang='lat' dir='ltr'>loris</span> <span class='ocrx_word' id='word_1_73' title='bbox 749 1224 1050 1312; x_wconf 86' lang='lat' dir='ltr'>speciem.</span> <span class='ocrx_word' id='word_1_74' title='bbox 1077 1223 1204 1286; x_wconf 90' lang='lat' dir='ltr'>Ubi</span> <span class='ocrx_word' id='word_1_75' title='bbox 1232 1221 1495 1310; x_wconf 86' lang='lat' dir='ltr'>quidem</span> <span class='ocrx_word' id='word_1_76' title='bbox 1524 1222 1932 1285; x_wconf 82' lang='lat' dir='ltr'>Democritus</span> <span class='ocrx_word' id='word_1_77' title='bbox 1950 1268 1967 1301; x_wconf 93' lang='lat'>,</span> <span class='ocrx_word' id='word_1_78' title='bbox 2002 1243 2175 1284; x_wconf 89' lang='lat' dir='ltr'>unus</span> <span class='ocrx_word' id='word_1_79' title='bbox 2206 1243 2285 1284; x_wconf 80' lang='lat' dir='ltr'>ex</span> <span class='ocrx_word' id='word_1_80' title='bbox 2310 1220 2718 1309; x_wconf 84' lang='lat' dir='ltr'>disputanti-</span> 
     </span>
     <span class='ocr_line' id='line_1_10' title="bbox 569 1320 2715 1409; baseline -0.002 -18"><span class='ocrx_word' id='word_1_81' title='bbox 569 1328 724 1408; x_wconf 74' lang='lat' dir='ltr'>buS,</span> <span class='ocrx_word' id='word_1_82' title='bbox 769 1324 1219 1389; x_wconf 88' lang='lat' dir='ltr'>auctoritatem</span> <span class='ocrx_word' id='word_1_83' title='bbox 1262 1323 1443 1386; x_wconf 76' lang='lat' dir='ltr'>Juhae</span> <span class='ocrx_word' id='word_1_84' title='bbox 1485 1322 1691 1386; x_wconf 81' lang='lat' dir='ltr'>elevat</span> <span class='ocrx_word' id='word_1_85' title='bbox 1708 1367 1727 1403; x_wconf 92' lang='lat'>,</span> <span class='ocrx_word' id='word_1_86' title='bbox 1776 1343 2059 1409; x_wconf 87' lang='lat' dir='ltr'>eumque</span> <span class='ocrx_word' id='word_1_87' title='bbox 2086 1321 2296 1386; x_wconf 78' lang='lat' dir='ltr'>valere</span> <span class='ocrx_word' id='word_1_88' title='bbox 2322 1320 2517 1400; x_wconf 87' lang='lat' dir='ltr'>jubet</span> <span class='ocrx_word' id='word_1_89' title='bbox 2558 1345 2715 1386; x_wconf 84' lang='lat' dir='ltr'>cum</span> 
     </span>
     <span class='ocr_line' id='line_1_11' title="bbox 567 1421 2717 1512; baseline -0.001 -22"><span class='ocrx_word' id='word_1_90' title='bbox 567 1426 746 1492; x_wconf 86' lang='lat' dir='ltr'>libris</span> <span class='ocrx_word' id='word_1_91' title='bbox 793 1425 926 1489; x_wconf 86' lang='lat' dir='ltr'>suis</span> <span class='ocrx_word' id='word_1_92' title='bbox 971 1424 1226 1512; x_wconf 78' lang='lat' dir='ltr'>Libycis</span> <span class='ocrx_word' id='word_1_93' title='bbox 1249 1471 1268 1505; x_wconf 94' lang='lat'>,</span> <span class='ocrx_word' id='word_1_94' title='bbox 1311 1445 1496 1510; x_wconf 81' lang='lat' dir='ltr'>oeque</span> <span class='ocrx_word' id='word_1_95' title='bbox 1530 1444 1605 1486; x_wconf 89' lang='lat' dir='ltr'>ac</span> <span class='ocrx_word' id='word_1_96' title='bbox 1640 1423 1979 1486; x_wconf 84' lang='lat' dir='ltr'>Hannonis</span> <span class='ocrx_word' id='word_1_97' title='bbox 2028 1421 2380 1486; x_wconf 89' lang='lat' dir='ltr'>erroribus.</span> <span class='ocrx_word' id='word_1_98' title='bbox 2428 1424 2609 1487; x_wconf 86' lang='lat' dir='ltr'>Nam</span> <span class='ocrx_word' id='word_1_99' title='bbox 2652 1441 2717 1488; x_wconf 89' lang='lat' dir='ltr'>et</span> 
     </span>
     <span class='ocr_line' id='line_1_12' title="bbox 567 1522 2715 1612; baseline -0.001 -20"><span class='ocrx_word' id='word_1_100' title='bbox 567 1527 908 1592; x_wconf 85' lang='lat' dir='ltr'>Hannonis</span> <span class='ocrx_word' id='word_1_101' title='bbox 927 1536 1186 1606; x_wconf 72' lang='grc' dir='ltr'>πιρίπλουν</span> <span class='ocrx_word' id='word_1_102' title='bbox 1219 1524 1383 1588; x_wconf 83' lang='lat' dir='ltr'>Iuba</span> <span class='ocrx_word' id='word_1_103' title='bbox 1412 1525 1482 1587; x_wconf 89' lang='lat' dir='ltr'>in</span> <span class='ocrx_word' id='word_1_104' title='bbox 1512 1523 1612 1587; x_wconf 88' lang='lat' dir='ltr'>his</span> <span class='ocrx_word' id='word_1_105' title='bbox 1646 1523 1824 1588; x_wconf 89' lang='lat' dir='ltr'>libris</span> <span class='ocrx_word' id='word_1_106' title='bbox 1858 1522 2159 1612; x_wconf 84' lang='lat' dir='ltr'>adtigisse</span> <span class='ocrx_word' id='word_1_107' title='bbox 2181 1522 2459 1588; x_wconf 83' lang='lat' dir='ltr'>videtur.</span> <span class='ocrx_word' id='word_1_108' title='bbox 2500 1525 2715 1590; x_wconf 78' lang='lat' dir='ltr'>Multa</span> 
     </span>
     <span class='ocr_line' id='line_1_13' title="bbox 565 1623 2715 1692; baseline -0 0"><span class='ocrx_word' id='word_1_109' title='bbox 565 1629 806 1692; x_wconf 88' lang='lat' dir='ltr'>horum</span> <span class='ocrx_word' id='word_1_110' title='bbox 837 1625 1452 1692; x_wconf 79' lang='lat' dir='ltr'>commentariorum</span> <span class='ocrx_word' id='word_1_111' title='bbox 1489 1625 1657 1689; x_wconf 84' lang='lat' dir='ltr'>Juha</span> <span class='ocrx_word' id='word_1_112' title='bbox 1698 1624 1939 1690; x_wconf 86' lang='lat' dir='ltr'>dicitur</span> <span class='ocrx_word' id='word_1_113' title='bbox 1973 1647 2050 1689; x_wconf 83' lang='lat' dir='ltr'>ex</span> <span class='ocrx_word' id='word_1_114' title='bbox 2080 1623 2261 1688; x_wconf 88' lang='lat' dir='ltr'>libris</span> <span class='ocrx_word' id='word_1_115' title='bbox 2295 1623 2551 1689; x_wconf 75' lang='lat' dir='ltr'>Punim</span> <span class='ocrx_word' id='word_1_116' title='bbox 2596 1627 2715 1690; x_wconf 83' lang='lat' dir='ltr'>lin-</span> 
     </span>
     <span class='ocr_line' id='line_1_14' title="bbox 565 1725 2709 1817; baseline -0.001 -25"><span class='ocrx_word' id='word_1_117' title='bbox 565 1751 692 1817; x_wconf 83' lang='lat' dir='ltr'>gua</span> <span class='ocrx_word' id='word_1_118' title='bbox 723 1728 974 1816; x_wconf 85' lang='lat' dir='ltr'>scriptis</span> <span class='ocrx_word' id='word_1_119' title='bbox 1005 1726 1327 1808; x_wconf 79' lang='lat' dir='ltr'>hausisse,</span> <span class='ocrx_word' id='word_1_120' title='bbox 1368 1727 1484 1814; x_wconf 85' lang='lat' dir='ltr'>qui</span> <span class='ocrx_word' id='word_1_121' title='bbox 1516 1727 1757 1789; x_wconf 81' lang='lat' dir='ltr'>Punici</span> <span class='ocrx_word' id='word_1_122' title='bbox 1786 1725 1937 1790; x_wconf 78' lang='lat' dir='ltr'>libri</span> <span class='ocrx_word' id='word_1_123' title='bbox 1964 1725 2249 1790; x_wconf 82' lang='lat' dir='ltr'>citantur</span> <span class='ocrx_word' id='word_1_124' title='bbox 2282 1747 2319 1787; x_wconf 89' lang='lat' dir='ltr'>a</span> <span class='ocrx_word' id='word_1_125' title='bbox 2356 1725 2709 1807; x_wconf 82' lang='lat' dir='ltr'>Sallustio,</span> 
     </span>
     <span class='ocr_line' id='line_1_15' title="bbox 561 1825 2711 1916; baseline 0 -24"><span class='ocrx_word' id='word_1_126' title='bbox 561 1830 714 1916; x_wconf 78' lang='lat' dir='ltr'>lug.</span> <span class='ocrx_word' id='word_1_127' title='bbox 751 1850 889 1915; x_wconf 87' lang='lat' dir='ltr'>cap.</span> <span class='ocrx_word' id='word_1_128' title='bbox 935 1849 1056 1907; x_wconf 81' lang='lat'>203</span> <span class='ocrx_word' id='word_1_129' title='bbox 1099 1826 1360 1908; x_wconf 89' lang='lat' dir='ltr'>Solino,</span> <span class='ocrx_word' id='word_1_130' title='bbox 1412 1849 1550 1915; x_wconf 88' lang='lat' dir='ltr'>cap.</span> <span class='ocrx_word' id='word_1_131' title='bbox 1587 1826 1708 1908; x_wconf 72' lang='lat'>343</span> <span class='ocrx_word' id='word_1_132' title='bbox 1755 1827 2099 1894; x_wconf 80' lang='lat' dir='ltr'>Ammiano</span> <span class='ocrx_word' id='word_1_133' title='bbox 2144 1825 2425 1890; x_wconf 80' lang='lat' dir='ltr'>Marcell.</span> <span class='ocrx_word' id='word_1_134' title='bbox 2468 1827 2711 1907; x_wconf 89' lang='lat' dir='ltr'>XXII,</span> 
     </span>
    </p>

    <p class='ocr_par' dir='ltr' id='par_1_3' title="bbox 559 1928 2709 2220">
     <span class='ocr_line' id='line_1_16' title="bbox 571 1928 2709 2018; baseline 0 -26"><span class='ocrx_word' id='word_1_135' title='bbox 571 1928 672 2011; x_wconf 83' lang='lat'>15,</span> <span class='ocrx_word' id='word_1_136' title='bbox 706 1952 770 2018; x_wconf 90' lang='lat' dir='ltr'>p.</span> <span class='ocrx_word' id='word_1_137' title='bbox 810 1929 978 2008; x_wconf 83' lang='lat'><strong>3633</strong></span> <span class='ocrx_word' id='word_1_138' title='bbox 1016 1943 1081 1992; x_wconf 90' lang='lat' dir='ltr'>et</span> <span class='ocrx_word' id='word_1_139' title='bbox 1111 1929 1544 2016; x_wconf 84' lang='lat' dir='ltr'>Hiempsalem</span> <span class='ocrx_word' id='word_1_140' title='bbox 1574 1950 1830 2017; x_wconf 86' lang='lat' dir='ltr'>regem,</span> <span class='ocrx_word' id='word_1_141' title='bbox 1866 1951 2059 1992; x_wconf 83' lang='lat' dir='ltr'>avum</span> <span class='ocrx_word' id='word_1_142' title='bbox 2106 1929 2320 2006; x_wconf 61' lang='lat' dir='ltr'>subse,</span> <span class='ocrx_word' id='word_1_143' title='bbox 2358 1945 2709 1994; x_wconf 81' lang='lat' dir='ltr'>auctorem</span> 
     </span>
     <span class='ocr_line' id='line_1_17' title="bbox 562 1975 2709 2118; baseline 0 -24"><span class='ocrx_word' id='word_1_144' title='bbox 562 2030 801 2095; x_wconf 87' lang='lat' dir='ltr'>habere</span> <span class='ocrx_word' id='word_1_145' title='bbox 833 1975 1058 2096; x_wconf 74' lang='lat' dir='ltr'>crediti</span> <span class='ocrx_word' id='word_1_146' title='bbox 1097 2045 1290 2112; x_wconf 87' lang='lat' dir='ltr'>sunt,</span> <span class='ocrx_word' id='word_1_147' title='bbox 1347 2044 1510 2093; x_wconf 85' lang='lat' dir='ltr'>teste</span> <span class='ocrx_word' id='word_1_148' title='bbox 1558 2029 1879 2094; x_wconf 84' lang='lat' dir='ltr'>Sallustio.</span> <span class='ocrx_word' id='word_1_149' title='bbox 1929 2029 2032 2093; x_wconf 82' lang='lat' dir='ltr'>Ad</span> <span class='ocrx_word' id='word_1_150' title='bbox 2071 2031 2377 2096; x_wconf 88' lang='lat' dir='ltr'>historica</span> <span class='ocrx_word' id='word_1_151' title='bbox 2410 2029 2709 2118; x_wconf 85' lang='lat' dir='ltr'>denique</span> 
     </span>
     <span class='ocr_line' id='line_1_18' title="bbox 559 2129 2707 2220; baseline -0.001 -25"><span class='ocrx_word' id='word_1_152' title='bbox 559 2132 890 2220; x_wconf 85' lang='lat' dir='ltr'>pertinent</span> <span class='ocrx_word' id='word_1_153' title='bbox 928 2131 1060 2194; x_wconf 91' lang='lat' dir='ltr'>duo</span> <span class='ocrx_word' id='word_1_154' title='bbox 1093 2129 1242 2194; x_wconf 85' lang='lat' dir='ltr'>libri</span> <span class='ocrx_word' id='word_1_155' title='bbox 1275 2129 1356 2192; x_wconf 79' lang='lat' dir='ltr'>de</span> <span class='ocrx_word' id='word_1_156' title='bbox 1386 2130 1569 2194; x_wconf 68' lang='lat' dir='ltr'>rebus</span> <span class='ocrx_word' id='word_1_157' title='bbox 1601 2129 2043 2215; x_wconf 78' lang='lat' dir='ltr'>Assyriorum,</span> <span class='ocrx_word' id='word_1_158' title='bbox 2080 2153 2245 2218; x_wconf 88' lang='lat' dir='ltr'>quos</span> <span class='ocrx_word' id='word_1_159' title='bbox 2274 2130 2513 2196; x_wconf 76' lang='lat' dir='ltr'>Iubam</span> <span class='ocrx_word' id='word_1_160' title='bbox 2542 2131 2707 2194; x_wconf 85' lang='lat' dir='ltr'>scri·</span> 
     </span>
    </p>

    <p class='ocr_par' dir='ltr' id='par_1_4' title="bbox 513 2231 2708 3026">
     <span class='ocr_line' id='line_1_19' title="bbox 559 2231 2705 2320; baseline -0.001 -24"><span class='ocrx_word' id='word_1_161' title='bbox 559 2233 762 2320; x_wconf 84' lang='lat' dir='ltr'>psisse</span> <span class='ocrx_word' id='word_1_162' title='bbox 803 2231 1149 2319; x_wconf 87' lang='lat' dir='ltr'>perhibent</span> <span class='ocrx_word' id='word_1_163' title='bbox 1191 2245 1258 2294; x_wconf 90' lang='lat' dir='ltr'>et</span> <span class='ocrx_word' id='word_1_164' title='bbox 1287 2252 1325 2294; x_wconf 86' lang='lat' dir='ltr'>a</span> <span class='ocrx_word' id='word_1_165' title='bbox 1367 2232 1609 2294; x_wconf 87' lang='lat' dir='ltr'>Beroso</span> <span class='ocrx_word' id='word_1_166' title='bbox 1652 2232 2003 2318; x_wconf 82' lang='lat' dir='ltr'>sumpsisse</span> <span class='ocrx_word' id='word_1_167' title='bbox 2049 2231 2302 2298; x_wconf 83' lang='lat' dir='ltr'>Tatian.</span> <span class='ocrx_word' id='word_1_168' title='bbox 2351 2247 2521 2296; x_wconf 85' lang='lat' dir='ltr'>orat.</span> <span class='ocrx_word' id='word_1_169' title='bbox 2553 2231 2705 2294; x_wconf 83' lang='lat' dir='ltr'>adv.</span> 
     </span>
     <span class='ocr_line' id='line_1_20' title="bbox 561 2329 2703 2421; baseline -0.001 -23"><span class='ocrx_word' id='word_1_170' title='bbox 561 2333 762 2398; x_wconf 82' lang='lat' dir='ltr'>Graec.</span> <span class='ocrx_word' id='word_1_171' title='bbox 801 2354 853 2397; x_wconf 89' lang='lat' dir='ltr'>c.</span> <span class='ocrx_word' id='word_1_172' title='bbox 891 2329 972 2397; x_wconf 83' lang='lat'>58</span> <span class='ocrx_word' id='word_1_173' title='bbox 993 2380 1012 2413; x_wconf 92' lang='lat'>,</span> <span class='ocrx_word' id='word_1_174' title='bbox 1047 2347 1112 2395; x_wconf 90' lang='lat' dir='ltr'>et</span> <span class='ocrx_word' id='word_1_175' title='bbox 1147 2330 1442 2397; x_wconf 86' lang='lat' dir='ltr'>Clemens</span> <span class='ocrx_word' id='word_1_176' title='bbox 1475 2332 1651 2397; x_wconf 85' lang='lat' dir='ltr'>Alex.</span> <span class='ocrx_word' id='word_1_177' title='bbox 1687 2332 1927 2397; x_wconf 90' lang='lat' dir='ltr'>Strom.</span> <span class='ocrx_word' id='word_1_178' title='bbox 1962 2333 2028 2414; x_wconf 91' lang='grc' dir='ltr'>Ι,</span> <span class='ocrx_word' id='word_1_179' title='bbox 2064 2356 2129 2421; x_wconf 94' lang='lat' dir='ltr'>p.</span> <span class='ocrx_word' id='word_1_180' title='bbox 2164 2331 2330 2420; x_wconf 84' lang='lat'>329,</span> <span class='ocrx_word' id='word_1_181' title='bbox 2386 2331 2509 2397; x_wconf 88' lang='lat' dir='ltr'>ubi</span> <span class='ocrx_word' id='word_1_182' title='bbox 2552 2331 2703 2404; x_wconf 66' lang='lat'>1632&lt;</span> 
     </span>
     <span class='ocr_line' id='line_1_21' title="bbox 559 2429 2708 2523; baseline 0.001 -29"><span class='ocrx_word' id='word_1_183' title='bbox 559 2430 760 2520; x_wconf 68' lang='lat' dir='ltr'>proto</span> <span class='ocrx_word' id='word_1_184' title='bbox 761 2438 864 2495; x_wconf 64' lang='grc' dir='ltr'>’ἔα</span> <span class='ocrx_word' id='word_1_185' title='bbox 831 2460 892 2503; x_wconf 82' lang='grc' dir='ltr'>ας</span> <span class='ocrx_word' id='word_1_186' title='bbox 920 2429 1269 2519; x_wconf 86' lang='lat' dir='ltr'>legendum</span> <span class='ocrx_word' id='word_1_187' title='bbox 1304 2447 1422 2495; x_wconf 89' lang='lat' dir='ltr'>est.</span> <span class='ocrx_word' id='word_1_188' title='bbox 1460 2432 1565 2497; x_wconf 91' lang='lat' dir='ltr'>Ab</span> <span class='ocrx_word' id='word_1_189' title='bbox 1596 2434 1863 2497; x_wconf 88' lang='lat' dir='ltr'>aliarum</span> <span class='ocrx_word' id='word_1_190' title='bbox 1898 2456 2154 2515; x_wconf 87' lang='lat' dir='ltr'>rerum,</span> <span class='ocrx_word' id='word_1_191' title='bbox 2200 2435 2561 2523; x_wconf 85' lang='lat' dir='ltr'>praesertim</span> <span class='ocrx_word' id='word_1_192' title='bbox 2596 2458 2708 2497; x_wconf 78' lang='lat' dir='ltr'>na-</span> 
     </span>
     <span class='ocr_line' id='line_1_22' title="bbox 557 2531 2705 2622; baseline 0 -25"><span class='ocrx_word' id='word_1_193' title='bbox 557 2532 906 2613; x_wconf 84' lang='lat' dir='ltr'>turalium,</span> <span class='ocrx_word' id='word_1_194' title='bbox 942 2531 1331 2619; x_wconf 75' lang='lat' dir='ltr'>amplissima</span> <span class='ocrx_word' id='word_1_195' title='bbox 1369 2532 1633 2597; x_wconf 87' lang='lat' dir='ltr'>scientia</span> <span class='ocrx_word' id='word_1_196' title='bbox 1664 2533 1941 2622; x_wconf 84' lang='lat' dir='ltr'>profecti</span> <span class='ocrx_word' id='word_1_197' title='bbox 1971 2549 2126 2599; x_wconf 83' lang='lat' dir='ltr'>sunt</span> <span class='ocrx_word' id='word_1_198' title='bbox 2156 2534 2303 2597; x_wconf 87' lang='lat' dir='ltr'>libri</span> <span class='ocrx_word' id='word_1_199' title='bbox 2336 2534 2705 2598; x_wconf 75' lang='lat' dir='ltr'>Theatn&#39;coe</span> 
     </span>
     <span class='ocr_line' id='line_1_23' title="bbox 558 2631 2705 2723; baseline 0.001 -28"><span class='ocrx_word' id='word_1_200' title='bbox 558 2631 832 2697; x_wconf 65' lang='lat' dir='ltr'>historice</span> <span class='ocrx_word' id='word_1_201' title='bbox 861 2631 1006 2720; x_wconf 75' lang='lat' dir='ltr'>(ow.-</span> <span class='ocrx_word' id='word_1_202' title='bbox 939 2645 1136 2713; x_wconf 67' lang='grc' dir='ltr'>οπιρκῆι</span> <span class='ocrx_word' id='word_1_203' title='bbox 1172 2644 1252 2695; x_wconf 68' lang='lat' dir='ltr'>{er</span> <span class='ocrx_word' id='word_1_204' title='bbox 1221 2642 1324 2713; x_wconf 73' lang='grc' dir='ltr'>τίορ</span> <span class='ocrx_word' id='word_1_205' title='bbox 1326 2642 1451 2721; x_wconf 75' lang='grc' dir='ltr'>αις),</span> <span class='ocrx_word' id='word_1_206' title='bbox 1485 2656 1623 2720; x_wconf 91' lang='lat' dir='ltr'>quo</span> <span class='ocrx_word' id='word_1_207' title='bbox 1668 2656 1863 2723; x_wconf 91' lang='lat' dir='ltr'>opere</span> <span class='ocrx_word' id='word_1_208' title='bbox 1896 2634 2099 2723; x_wconf 85' lang='lat' dir='ltr'>egisse</span> <span class='ocrx_word' id='word_1_209' title='bbox 2128 2634 2385 2699; x_wconf 81' lang='lat' dir='ltr'>videtur</span> <span class='ocrx_word' id='word_1_210' title='bbox 2422 2634 2513 2699; x_wconf 90' lang='lat' dir='ltr'>de</span> <span class='ocrx_word' id='word_1_211' title='bbox 2558 2658 2705 2698; x_wconf 87' lang='lat' dir='ltr'>mu-</span> 
     </span>
     <span class='ocr_line' id='line_1_24' title="bbox 557 2733 2705 2817; baseline 0 -18"><span class='ocrx_word' id='word_1_212' title='bbox 557 2734 684 2799; x_wconf 86' lang='lat' dir='ltr'>sica</span> <span class='ocrx_word' id='word_1_213' title='bbox 719 2749 786 2797; x_wconf 90' lang='lat' dir='ltr'>et</span> <span class='ocrx_word' id='word_1_214' title='bbox 816 2734 1254 2799; x_wconf 82' lang='lat' dir='ltr'>instrumento</span> <span class='ocrx_word' id='word_1_215' title='bbox 1285 2734 1470 2797; x_wconf 87' lang='lat' dir='ltr'>omni</span> <span class='ocrx_word' id='word_1_216' title='bbox 1494 2734 1765 2817; x_wconf 83' lang='lat' dir='ltr'>theatri,</span> <span class='ocrx_word' id='word_1_217' title='bbox 1795 2750 1937 2799; x_wconf 89' lang='lat' dir='ltr'>tum</span> <span class='ocrx_word' id='word_1_218' title='bbox 1978 2733 2061 2799; x_wconf 90' lang='lat' dir='ltr'>de</span> <span class='ocrx_word' id='word_1_219' title='bbox 2092 2735 2364 2817; x_wconf 85' lang='lat' dir='ltr'>sabulis,</span> <span class='ocrx_word' id='word_1_220' title='bbox 2394 2752 2461 2799; x_wconf 89' lang='lat' dir='ltr'>et</span> <span class='ocrx_word' id='word_1_221' title='bbox 2494 2736 2705 2800; x_wconf 86' lang='lat' dir='ltr'>histo-</span> 
     </span>
     <span class='ocr_line' id='line_1_25' title="bbox 513 2832 2701 2923; baseline 0.001 -26"><span class='ocrx_word' id='word_1_222' title='bbox 513 2832 522 2839; x_wconf 79' lang='grc'><strong>’</strong></span> <span class='ocrx_word' id='word_1_223' title='bbox 557 2834 700 2915; x_wconf 90' lang='lat' dir='ltr'>riis,</span> <span class='ocrx_word' id='word_1_224' title='bbox 733 2856 878 2921; x_wconf 80' lang='lat' dir='ltr'>quoe</span> <span class='ocrx_word' id='word_1_225' title='bbox 913 2833 1236 2923; x_wconf 83' lang='lat' dir='ltr'>tragoediis</span> <span class='ocrx_word' id='word_1_226' title='bbox 1279 2850 1739 2923; x_wconf 83' lang='lat' dir='ltr'>argumentum</span> <span class='ocrx_word' id='word_1_227' title='bbox 1775 2835 2062 2923; x_wconf 78' lang='lat' dir='ltr'>proe-bere</span> <span class='ocrx_word' id='word_1_228' title='bbox 2093 2836 2323 2901; x_wconf 85' lang='lat' dir='ltr'>solent.</span> <span class='ocrx_word' id='word_1_229' title='bbox 2360 2836 2701 2917; x_wconf 85' lang='lat' dir='ltr'>Quartum</span> 
     </span>
     <span class='ocr_line' id='line_1_26' title="bbox 555 2932 2697 3049; baseline 0.002 -53"><span class='ocrx_word' id='word_1_230' title='bbox 555 2932 796 2997; x_wconf 88' lang='lat' dir='ltr'>librum</span> <span class='ocrx_word' id='word_1_231' title='bbox 829 2933 968 3014; x_wconf 89' lang='lat' dir='ltr'>ejus</span> <span class='ocrx_word' id='word_1_232' title='bbox 1007 2934 1220 3049; x_wconf 83' lang='lat' dir='ltr'>operis</span> <span class='ocrx_word' id='word_1_233' title='bbox 1260 2932 1545 3021; x_wconf 88' lang='lat' dir='ltr'>adpellat</span> <span class='ocrx_word' id='word_1_234' title='bbox 1573 2935 1959 3017; x_wconf 68' lang='lat' dir='ltr'>Athenaeus,</span> <span class='ocrx_word' id='word_1_235' title='bbox 2002 2935 2115 3001; x_wconf 90' lang='lat' dir='ltr'>lib.</span> <span class='ocrx_word' id='word_1_236' title='bbox 2160 2938 2271 3018; x_wconf 84' lang='lat' dir='ltr'>lv,</span> <span class='ocrx_word' id='word_1_237' title='bbox 2330 2958 2475 3026; x_wconf 85' lang='lat' dir='ltr'>pag.</span> <span class='ocrx_word' id='word_1_238' title='bbox 2524 2938 2697 3023; x_wconf 87' lang='lat'>175,</span> 
     </span>
    </p>

    <p class='ocr_par' dir='ltr' id='par_1_5' title="bbox 535 3032 2701 4233">
     <span class='ocr_line' id='line_1_27' title="bbox 555 3032 2695 3125; baseline 0.001 -27"><span class='ocrx_word' id='word_1_239' title='bbox 555 3032 879 3099; x_wconf 88' lang='lat' dir='ltr'>decimum</span> <span class='ocrx_word' id='word_1_240' title='bbox 917 3035 1268 3122; x_wconf 85' lang='lat' dir='ltr'>septimum</span> <span class='ocrx_word' id='word_1_241' title='bbox 1300 3035 1575 3099; x_wconf 85' lang='lat' dir='ltr'>Photius</span> <span class='ocrx_word' id='word_1_242' title='bbox 1615 3037 1684 3099; x_wconf 90' lang='lat' dir='ltr'>in</span> <span class='ocrx_word' id='word_1_243' title='bbox 1718 3037 1881 3101; x_wconf 89' lang='lat' dir='ltr'>Bibl.</span> <span class='ocrx_word' id='word_1_244' title='bbox 1914 3035 2060 3101; x_wconf 87' lang='lat' dir='ltr'>cod.</span> <span class='ocrx_word' id='word_1_245' title='bbox 2089 3038 2287 3101; x_wconf 87' lang='lat' dir='ltr'>CLXI</span> <span class='ocrx_word' id='word_1_246' title='bbox 2305 3086 2324 3120; x_wconf 94' lang='lat'>,</span> <span class='ocrx_word' id='word_1_247' title='bbox 2360 3058 2507 3125; x_wconf 83' lang='lat' dir='ltr'>pag.</span> <span class='ocrx_word' id='word_1_248' title='bbox 2545 3037 2695 3115; x_wconf 78' lang='lat'>341.</span> 
     </span>
     <span class='ocr_line' id='line_1_28' title="bbox 553 3134 2701 3223; baseline 0 -24"><span class='ocrx_word' id='word_1_249' title='bbox 553 3136 638 3199; x_wconf 89' lang='lat' dir='ltr'>Et</span> <span class='ocrx_word' id='word_1_250' title='bbox 671 3157 816 3223; x_wconf 80' lang='lat' dir='ltr'>quoe</span> <span class='ocrx_word' id='word_1_251' title='bbox 850 3136 988 3213; x_wconf 86' lang='lat' dir='ltr'>ejus</span> <span class='ocrx_word' id='word_1_252' title='bbox 1021 3135 1287 3217; x_wconf 88' lang='lat' dir='ltr'>notitia,</span> <span class='ocrx_word' id='word_1_253' title='bbox 1319 3134 1503 3223; x_wconf 88' lang='lat' dir='ltr'>quod</span> <span class='ocrx_word' id='word_1_254' title='bbox 1541 3134 1861 3216; x_wconf 89' lang='lat' dir='ltr'>judicium</span> <span class='ocrx_word' id='word_1_255' title='bbox 1906 3138 2104 3201; x_wconf 84' lang='lat' dir='ltr'>fuerit</span> <span class='ocrx_word' id='word_1_256' title='bbox 2144 3136 2228 3201; x_wconf 91' lang='lat' dir='ltr'>de</span> <span class='ocrx_word' id='word_1_257' title='bbox 2272 3136 2470 3201; x_wconf 88' lang='lat' dir='ltr'>rebus</span> <span class='ocrx_word' id='word_1_258' title='bbox 2517 3136 2701 3200; x_wconf 67' lang='lat' dir='ltr'>then-</span> 
     </span>
     <span class='ocr_line' id='line_1_29' title="bbox 551 3235 2697 3327; baseline 0.001 -28"><span class='ocrx_word' id='word_1_259' title='bbox 551 3235 822 3301; x_wconf 84' lang='lat' dir='ltr'>tralibus</span> <span class='ocrx_word' id='word_1_260' title='bbox 841 3283 860 3316; x_wconf 93' lang='lat'>,</span> <span class='ocrx_word' id='word_1_261' title='bbox 899 3236 1143 3323; x_wconf 81' lang='lat' dir='ltr'>optime</span> <span class='ocrx_word' id='word_1_262' title='bbox 1177 3236 1547 3324; x_wconf 85' lang='lat' dir='ltr'>probaverit</span> <span class='ocrx_word' id='word_1_263' title='bbox 1578 3236 1991 3327; x_wconf 82' lang='lat' dir='ltr'>Epigramma</span> <span class='ocrx_word' id='word_1_264' title='bbox 2028 3240 2166 3319; x_wconf 86' lang='lat' dir='ltr'>ejus</span> <span class='ocrx_word' id='word_1_265' title='bbox 2187 3286 2206 3320; x_wconf 94' lang='lat'>,</span> <span class='ocrx_word' id='word_1_266' title='bbox 2244 3239 2327 3305; x_wconf 86' lang='lat' dir='ltr'>ab</span> <span class='ocrx_word' id='word_1_267' title='bbox 2361 3238 2697 3303; x_wconf 71' lang='lat' dir='ltr'>Athenaeo</span> 
     </span>
     <span class='ocr_line' id='line_1_30' title="bbox 549 3335 2695 3429; baseline 0.001 -30"><span class='ocrx_word' id='word_1_268' title='bbox 549 3336 717 3401; x_wconf 86' lang='lat' dir='ltr'>libro</span> <span class='ocrx_word' id='word_1_269' title='bbox 743 3337 940 3417; x_wconf 86' lang='lat' dir='ltr'>VIII,</span> <span class='ocrx_word' id='word_1_270' title='bbox 983 3358 1129 3425; x_wconf 82' lang='lat' dir='ltr'>pag.</span> <span class='ocrx_word' id='word_1_271' title='bbox 1175 3335 1302 3416; x_wconf 76' lang='grc'>343</span> <span class='ocrx_word' id='word_1_272' title='bbox 1341 3338 1669 3425; x_wconf 88' lang='lat' dir='ltr'>prolatum</span> <span class='ocrx_word' id='word_1_273' title='bbox 1688 3388 1709 3419; x_wconf 88' lang='lat'>,</span> <span class='ocrx_word' id='word_1_274' title='bbox 1759 3362 1895 3427; x_wconf 90' lang='lat' dir='ltr'>quo</span> <span class='ocrx_word' id='word_1_275' title='bbox 1938 3342 2295 3405; x_wconf 87' lang='lat' dir='ltr'>Leonteum</span> <span class='ocrx_word' id='word_1_276' title='bbox 2334 3340 2695 3429; x_wconf 81' lang='lat' dir='ltr'>Argivum,</span> 
     </span>
     <span class='ocr_line' id='line_1_31' title="bbox 551 3438 2693 3529; baseline -0.001 -26"><span class='ocrx_word' id='word_1_277' title='bbox 551 3438 944 3526; x_wconf 79' lang='lat' dir='ltr'>tragoedum,</span> <span class='ocrx_word' id='word_1_278' title='bbox 987 3454 1054 3501; x_wconf 87' lang='lat' dir='ltr'>et</span> <span class='ocrx_word' id='word_1_279' title='bbox 1091 3460 1286 3529; x_wconf 78' lang='lat' dir='ltr'>suum</span> <span class='ocrx_word' id='word_1_280' title='bbox 1321 3439 1475 3503; x_wconf 90' lang='lat' dir='ltr'>olim</span> <span class='ocrx_word' id='word_1_281' title='bbox 1518 3438 1984 3522; x_wconf 86' lang='lat' dir='ltr'>domesticum,</span> <span class='ocrx_word' id='word_1_282' title='bbox 2026 3440 2141 3505; x_wconf 91' lang='lat' dir='ltr'>sed</span> <span class='ocrx_word' id='word_1_283' title='bbox 2183 3438 2443 3505; x_wconf 81' lang='lat' dir='ltr'>avidum</span> <span class='ocrx_word' id='word_1_284' title='bbox 2480 3438 2693 3502; x_wconf 87' lang='lat' dir='ltr'>obso-</span> 
     </span>
     <span class='ocr_line' id='line_1_32' title="bbox 547 3536 2691 3630; baseline 0.002 -31"><span class='ocrx_word' id='word_1_285' title='bbox 547 3536 806 3601; x_wconf 88' lang='lat' dir='ltr'>niorum</span> <span class='ocrx_word' id='word_1_286' title='bbox 836 3554 906 3601; x_wconf 90' lang='lat' dir='ltr'>et</span> <span class='ocrx_word' id='word_1_287' title='bbox 935 3559 1261 3622; x_wconf 81' lang='lat' dir='ltr'>voracem,</span> <span class='ocrx_word' id='word_1_288' title='bbox 1297 3538 1581 3621; x_wconf 88' lang='lat' dir='ltr'>deridet,</span> <span class='ocrx_word' id='word_1_289' title='bbox 1605 3539 1787 3628; x_wconf 86' lang='lat' dir='ltr'>quod</span> <span class='ocrx_word' id='word_1_290' title='bbox 1810 3541 2213 3630; x_wconf 77' lang='lat' dir='ltr'>Hypsipylen</span> <span class='ocrx_word' id='word_1_291' title='bbox 2244 3542 2411 3605; x_wconf 88' lang='lat' dir='ltr'>male</span> <span class='ocrx_word' id='word_1_292' title='bbox 2440 3555 2691 3629; x_wconf 81' lang='lat' dir='ltr'>egerat.</span> 
     </span>
     <span class='ocr_line' id='line_1_33' title="bbox 545 3635 2693 3728; baseline 0.003 -31"><span class='ocrx_word' id='word_1_293' title='bbox 545 3635 864 3721; x_wconf 85' lang='lat' dir='ltr'>Equidem</span> <span class='ocrx_word' id='word_1_294' title='bbox 901 3638 1206 3725; x_wconf 89' lang='lat' dir='ltr'>optabam</span> <span class='ocrx_word' id='word_1_295' title='bbox 1221 3686 1240 3719; x_wconf 95' lang='lat'>,</span> <span class='ocrx_word' id='word_1_296' title='bbox 1283 3655 1359 3703; x_wconf 88' lang='lat' dir='ltr'>ut</span> <span class='ocrx_word' id='word_1_297' title='bbox 1391 3640 1591 3706; x_wconf 88' lang='lat' dir='ltr'>celeb.</span> <span class='ocrx_word' id='word_1_298' title='bbox 1626 3640 1951 3705; x_wconf 81' lang='lat' dir='ltr'>Brunkius</span> <span class='ocrx_word' id='word_1_299' title='bbox 1984 3640 2145 3705; x_wconf 90' lang='lat' dir='ltr'>illud</span> <span class='ocrx_word' id='word_1_300' title='bbox 2180 3664 2335 3705; x_wconf 87' lang='lat' dir='ltr'>cura</span> <span class='ocrx_word' id='word_1_301' title='bbox 2383 3656 2453 3704; x_wconf 90' lang='lat' dir='ltr'>et</span> <span class='ocrx_word' id='word_1_302' title='bbox 2494 3640 2693 3728; x_wconf 75' lang='lat' dir='ltr'>inge-</span> 
     </span>
     <span class='ocr_line' id='line_1_34' title="bbox 547 3734 2691 3825; baseline 0.004 -30"><span class='ocrx_word' id='word_1_303' title='bbox 547 3734 657 3797; x_wconf 88' lang='lat' dir='ltr'>nio</span> <span class='ocrx_word' id='word_1_304' title='bbox 693 3757 815 3799; x_wconf 84' lang='lat' dir='ltr'>suo</span> <span class='ocrx_word' id='word_1_305' title='bbox 851 3737 1230 3825; x_wconf 85' lang='lat' dir='ltr'>castigatum</span> <span class='ocrx_word' id='word_1_306' title='bbox 1270 3740 1591 3805; x_wconf 87' lang='lat' dir='ltr'>Analectis</span> <span class='ocrx_word' id='word_1_307' title='bbox 1629 3741 1817 3807; x_wconf 92' lang='lat' dir='ltr'>Poet.</span> <span class='ocrx_word' id='word_1_308' title='bbox 1862 3742 2063 3806; x_wconf 79' lang='lat' dir='ltr'>Graec.</span> <span class='ocrx_word' id='word_1_309' title='bbox 2112 3742 2451 3806; x_wconf 87' lang='lat' dir='ltr'>intulisset.</span> <span class='ocrx_word' id='word_1_310' title='bbox 2508 3741 2691 3804; x_wconf 85' lang='lat' dir='ltr'>Nam</span> 
     </span>
     <span class='ocr_line' id='line_1_35' title="bbox 541 3837 2691 3927; baseline 0.004 -31"><span class='ocrx_word' id='word_1_311' title='bbox 541 3848 718 3896; x_wconf 86' lang='lat' dir='ltr'>tanta</span> <span class='ocrx_word' id='word_1_312' title='bbox 763 3837 1183 3921; x_wconf 88' lang='lat' dir='ltr'>corruptione</span> <span class='ocrx_word' id='word_1_313' title='bbox 1243 3856 1308 3903; x_wconf 92' lang='lat' dir='ltr'>et</span> <span class='ocrx_word' id='word_1_314' title='bbox 1355 3841 1749 3907; x_wconf 82' lang='lat' dir='ltr'>obscuritate</span> <span class='ocrx_word' id='word_1_315' title='bbox 1804 3844 2091 3927; x_wconf 81' lang='lat' dir='ltr'>laborat,</span> <span class='ocrx_word' id='word_1_316' title='bbox 2148 3860 2225 3909; x_wconf 90' lang='lat' dir='ltr'>ut</span> <span class='ocrx_word' id='word_1_317' title='bbox 2274 3842 2557 3907; x_wconf 80' lang='lat' dir='ltr'>Sevinus</span> <span class='ocrx_word' id='word_1_318' title='bbox 2614 3842 2691 3905; x_wconf 87' lang='lat' dir='ltr'>in</span> 
     </span>
     <span class='ocr_line' id='line_1_36' title="bbox 540 3930 2694 4034; baseline 0.005 -37"><span class='ocrx_word' id='word_1_319' title='bbox 540 3930 812 3997; x_wconf 84' lang='lat' dir='ltr'>Memor.</span> <span class='ocrx_word' id='word_1_320' title='bbox 861 3932 1058 3998; x_wconf 88' lang='lat' dir='ltr'>Acad.</span> <span class='ocrx_word' id='word_1_321' title='bbox 1113 3939 1410 4027; x_wconf 88' lang='lat' dir='ltr'>Inscript.</span> <span class='ocrx_word' id='word_1_322' title='bbox 1464 3940 1536 4005; x_wconf 89' lang='lat' dir='ltr'>id</span> <span class='ocrx_word' id='word_1_323' title='bbox 1588 3941 1949 4030; x_wconf 88' lang='lat' dir='ltr'>producere</span> <span class='ocrx_word' id='word_1_324' title='bbox 2004 3945 2352 4034; x_wconf 82' lang='lat' dir='ltr'>refugerit,</span> <span class='ocrx_word' id='word_1_325' title='bbox 2420 3959 2489 4007; x_wconf 90' lang='lat' dir='ltr'>et</span> <span class='ocrx_word' id='word_1_326' title='bbox 2546 3942 2694 4007; x_wconf 90' lang='lat' dir='ltr'>duo</span> 
     </span>
     <span class='ocr_line' id='line_1_37' title="bbox 535 4032 2691 4133; baseline 0.004 -36"><span class='ocrx_word' id='word_1_327' title='bbox 535 4032 834 4099; x_wconf 76' lang='lat' dir='ltr'>Athenaei</span> <span class='ocrx_word' id='word_1_328' title='bbox 866 4032 1291 4123; x_wconf 86' lang='lat' dir='ltr'>interpretes,</span> <span class='ocrx_word' id='word_1_329' title='bbox 1331 4042 1573 4107; x_wconf 82' lang='lat' dir='ltr'>Natalis</span> <span class='ocrx_word' id='word_1_330' title='bbox 1606 4046 1837 4108; x_wconf 86' lang='lat' dir='ltr'>Comes</span> <span class='ocrx_word' id='word_1_331' title='bbox 1878 4061 1945 4109; x_wconf 88' lang='lat' dir='ltr'>et</span> <span class='ocrx_word' id='word_1_332' title='bbox 1990 4044 2527 4133; x_wconf 84' lang='lat' dir='ltr'>Dalechampius,</span> <span class='ocrx_word' id='word_1_333' title='bbox 2568 4045 2691 4132; x_wconf 86' lang='lat' dir='ltr'>qui</span> 
     </span>
     <span class='ocr_line' id='line_1_38' title="bbox 537 4130 2693 4233; baseline 0.005 -34"><span class='ocrx_word' id='word_1_334' title='bbox 537 4130 784 4199; x_wconf 84' lang='lat' dir='ltr'>diverse</span> <span class='ocrx_word' id='word_1_335' title='bbox 827 4134 1021 4201; x_wconf 86' lang='lat' dir='ltr'>simul</span> <span class='ocrx_word' id='word_1_336' title='bbox 1065 4154 1128 4201; x_wconf 88' lang='lat' dir='ltr'>et</span> <span class='ocrx_word' id='word_1_337' title='bbox 1175 4160 1474 4225; x_wconf 78' lang='lat' dir='ltr'>perverse</span> <span class='ocrx_word' id='word_1_338' title='bbox 1522 4161 1893 4232; x_wconf 81' lang='lat' dir='ltr'>exponunt,</span> <span class='ocrx_word' id='word_1_339' title='bbox 1947 4146 2071 4233; x_wconf 89' lang='lat' dir='ltr'>ipsi</span> <span class='ocrx_word' id='word_1_340' title='bbox 2111 4166 2246 4209; x_wconf 87' lang='lat' dir='ltr'>non</span> <span class='ocrx_word' id='word_1_341' title='bbox 2282 4144 2693 4209; x_wconf 81' lang='lat' dir='ltr'>intellexisse</span> 
     </span>
    </p>
   </div>
  </div>
 </body>
</html>
