2996 4685
490 341 527 382 2
541 312 629 398 54,

1250 323 1330 388 R.
1382 321 1456 386 F.
1513 321 1864 389 AVIENI
1911 369 1916 374 -

580 442 735 508 Haec
768 440 838 506 in
871 453 1054 534 terga
1088 439 1207 508 sali
1247 438 1539 509 lembum
1584 457 2026 538 contorqueat
2069 467 2385 538 umquam
2415 470 2432 512 z

581 545 718 620 Ah!
760 575 843 617 ne
881 551 1385 645 monstrigenis‚
1428 550 1686 620 hostem
1723 549 1909 638 licet,
1941 551 2182 622 inferat
2212 569 2407 623 aestus

580 655 921 727 Fluctibus
953 684 968 726 :
1016 659 1353 728 immodici
1392 658 1522 729 late
1555 676 1740 755 patet
1777 661 1913 731 oris
1945 661 2169 732 hiatus
2251 683 2264 694 ·

578 767 853 862 Quippe
892 767 1085 854 feriS,
1122 784 1319 837 antro
1362 769 1757 863 panduntur
1793 786 2066 866 guttura
2105 788 2330 862 vast03

479 972 912 1045 significationem
993 973 1227 1045 aliquam
1311 976 1507 1028 amoris

480 1051 771 1107 Christiani
797 1071 919 1126 erga
945 1052 1123 1106 hostes
1140 1053 1331 1108 elicere
1348 1073 1507 1108 cona·

484 1143 593 1198 tur,
616 1151 782 1205 quum
810 1143 995 1184 contra
1018 1124 1249 1186 Pricaeus
1274 1151 1397 1186 eum
1422 1135 1504 1187 lo-

481 1229 603 1265 cum
644 1209 783 1264 iuter
816 1212 947 1264 alios
976 1222 1251 1282 poetarum
1271 1249 1288 1276 ,
1310 1212 1504 1282 quibus

482 1310 601 1344 mos
630 1290 909 1362 gentilium
938 1290 1178 1346 hostibus
1212 1290 1350 1344 male
1384 1310 1505 1362 pre·

482 1370 641 1425 candi
700 1371 979 1442 probatur,
1025 1369 1353 1441 produxerit.
1398 1369 1504 1424 sed

480 1451 674 1506 frustm
719 1451 795 1504 sic
838 1447 1085 1503 concludi
1130 1449 1200 1501 ab
1238 1449 1502 1512 Antonio,

478 1528 770 1584 monstravi
787 1529 842 1581 in
858 1529 1122 1582 Prooemio
1133 1527 1202 1584 ad
1216 1528 1498 1582 Avienum.

479 1610 581 1664 Hic
614 1620 823 1662 tantum
870 1607 1010 1660 addo
1028 1647 1043 1674 ,
1072 1626 1103 1660 e
1142 1608 1500 1671 correctione,

477 1709 585 1762 qua
604 1688 883 1743 Vadiauus
900 1700 1071 1740 totum
1092 1686 1271 1740 locum
1288 1685 1502 1740 consor-

478 1770 669 1834 mavit‚
723 1785 933 1822 sensum
1005 1767 1160 1837 plane
1224 1765 1500 1818 ethnicum

480 1849 689 1917 enasci,
714 1862 767 1903 et
792 1849 913 1902 Nic.
944 1848 1155 1900 Antonii
1180 1845 1524 1917 interpretii-2

476 1930 675 1984 tionem
708 1927 869 1982 eludi.
910 1926 1011 1980 Hic
1036 1929 1177 1979 enim
1206 1925 1356 1998 legit:
1378 1951 1403 1971 ιι
1422 1929 1500 1980 Ac

478 2029 548 2064 ne
601 2009 719 2082 quis
763 2006 937 2080 rapidi
987 2006 1281 2061 subductus
1330 2005 1504 2077 gurgi-

476 2091 543 2143 tis
584 2088 725 2142 unda
768 2089 893 2141 Haec
932 2087 989 2139 iu
1025 2097 1171 2157 terga
1210 2085 1331 2138 salis
1366 2085 1501 2137 lem-

1594 975 1740 1030 Pith.
1757 982 1838 1028 An
1859 995 1888 1028 e
1903 979 2244 1045 monsuigenis
2263 977 2422 1050 Cusp.
2443 984 2550 1030 Aue
2562 1000 2616 1033 se

1592 1056 1934 1124 monsvigenis
1993 1055 2214 1110 Camers
2229 1095 2246 1122 ,
2285 1057 2323 1109 l.
2365 1075 2415 1109 c.
2451 1063 2616 1110 Antea

1591 1136 1932 1203 motastre'gmis
1950 1133 2088 1187 vad.
2119 1133 2226 1188 Sed
2259 1135 2548 1190 Hudsouus
2585 1157 2617 1191 e

1591 1213 1776 1268 Prieni
1789 1243 1794 1252 ·
1809 1212 2176 1268 emendatione
2219 1215 2484 1268 substituit
2499 1220 2582 1268 Ala
2595 1255 2614 1280 ,

1589 1313 1654 1344 ae
1699 1296 2063 1362 morasti-igonis.
2110 1291 2178 1346 Et
2226 1293 2448 1347 Pricnus
2497 1315 2614 1348 eam

1592 1372 1875 1425 formulam
1896 1371 2181 1426 confirmat
2203 1390 2232 1424 e
2246 1372 2396 1443 Virg.
2417 1373 2611 1447 Georg.

1591 1454 1681 1519 11,
1715 1453 1845 1507 252:
1869 1453 1988 1507 ·Ah
2022 1452 2250 1505 nimium
2281 1470 2350 1506 ne
2382 1453 2450 1506 sit
2481 1455 2614 1508 mihi

1588 1532 1777 1586 fertilis
1803 1533 1893 1587 illa
1917 1557 1957 1586 ι.
1989 1532 2122 1584 Mihi
2153 1533 2482 1587 manifestior
2503 1534 2617 1587 imi-

1585 1612 1717 1665 tatio
1734 1611 2024 1684 virgiliana
2047 1609 2303 1683 adparere
2322 1611 2535 1665 videtur
2551 1633 2615 1668 ex

1585 1691 1703 1745 Ecl.
1728 1692 1812 1745 v1
1828 1733 1844 1759 ,
1868 1711 1937 1763 77
1955 1729 1972 1754 ,
2017 1692 2112 1744 ubi
2137 1692 2194 1745 iu
2221 1691 2380 1745 simili
2406 1693 2616 1766 Scyllaei

1585 1772 1810 1824 monstri
1833 1770 2208 1843 descriptione,
2235 1769 2424 1825 eadem
2447 1773 2614 1826 excla-

1586 1850 1752 1904 matio
1799 1852 1979 1904 locum
2025 1851 2184 1904 habet
2205 1869 2220 1902 τ
2260 1877 2286 1896 a
2309 1851 2424 1904 Ah!
2469 1852 2612 1904 timi-

1586 1927 1686 1983 dos
1712 1942 1901 1983 nautas
1936 1929 2156 1984 canibus
2177 1929 2434 1983 lacerasse
2455 1949 2538 1982 ma
2548 1931 2614 1984 ri·

1585 2011 1669 2062 nis
1681 2035 1727 2062 ο.
1753 2012 2268 2080 Mmstrigenifluetus
2285 2021 2408 2063 suut
2429 2010 2610 2064 fecun-

1586 2087 1642 2140 di
1687 2099 1924 2142 cetorum
1947 2127 1964 2152 ,
1997 2108 2134 2161 quos
2177 2108 2338 2161 supra
2393 2105 2611 2143 monstra

472 2169 603 2222 bum
640 2177 985 2238 contorqueat
1026 2183 1265 2236 unquam
1281 2203 1299 2229 ,
1333 2165 1498 2216 Antea
1577 2170 1819 2237 profundi
1835 2181 2115 2224 vocaverat
2133 2188 2184 2222 v.
2208 2171 2332 2239 781.
2357 2168 2506 2222 Idem
2531 2181 2608 2223 est

474 2247 847 2319 monstrigenis
886 2239 1091 2296 bostem
1108 2281 1125 2306 ,
1164 2243 1281 2296 licet
1299 2282 1316 2309 ‚
1366 2242 1502 2296 infe·

475 2340 561 2381 rat
594 2339 748 2381 astus
784 2324 1111 2379 Fluctibus».
1139 2323 1253 2376 Hoc
1276 2333 1390 2375 est:
1420 2323 1500 2375 Ae

476 2427 546 2461 ne
587 2404 806 2481 quando
849 2404 1087 2469 eveniat,
1124 2414 1183 2455 ut
1214 2403 1334 2475 quis
1372 2420 1497 2456 casu

472 2499 527 2541 et
570 2506 669 2558 per
711 2482 1121 2556 imprudentiam
1168 2480 1457 2535 subductus
1475 2518 1495 2545 ,

476 2566 689 2619 ablatus
707 2604 722 2629 ,
747 2562 956 2635 gurgite
982 2562 1037 2613 in
1064 2560 1216 2615 istud·
1234 2580 1380 2615 mare
1405 2580 1495 2633 pe-

469 2644 759 2699 riculosum
824 2642 1111 2709 deferatur,
1166 2640 1283 2695 licet
1342 2652 1493 2695 autea

471 2725 801 2798 permittere,
836 2734 929 2776 aut
965 2740 1184 2786 curare,
1225 2732 1286 2773 ut
1336 2734 1493 2775 astus

468 2806 677 2859 hostem
713 2805 948 2876 aliquem
988 2800 1359 2873 monstrigenis
1395 2802 1495 2855 ssu-

468 2886 640 2939 ctibus
663 2885 871 2937 inferat.
890 2881 1294 2935 W.—Pithoeus
1320 2880 1490 2936 edidit

466 2970 521 3035 (e
539 2968 771 3026 Veneta,
790 2964 1037 3035 opinor),
1052 2968 1132 3013 An
1153 2965 1310 3028 aeqm‘s
1330 2966 1495 3037 rapf'de'

468 3049 725 3099 subtectus.
756 3043 860 3095 Pro
888 3058 998 3113 quo
1028 3041 1189 3111 Cusp.
1216 3041 1343 3111 legit
1365 3079 1382 3107 ,
1412 3050 1489 3095 Aa

470 3146 534 3179 ne
569 3126 675 3193 quis
702 3126 865 3191 rapidi
894 3124 1155 3173 subtectus.
1183 3124 1397 3173 Camers
1421 3120 1489 3175 ad

468 3204 631 3258 Prisc.
663 3202 791 3271 599:
812 3206 921 3253 Hae
956 3218 1021 3252 ne
1057 3201 1165 3267 quis
1199 3200 1363 3268 rapidi
1383 3203 1491 3251 sub-

466 3300 617 3337 news
650 3283 861 3351 gurgitis
902 3283 1105 3333 undam.
1152 3309 1223 3319 —
1262 3277 1486 3333 Schrad.

465 3366 591 3418 citat
611 3366 691 3416 Ala
702 3368 725 3412 Ι
746 3380 849 3413 nee
866 3362 1088 3425 Veneta,
1101 3356 1247 3429 quod
1264 3359 1485 3413 Wems.

466 3457 544 3501 est
574 3442 919 3497 contrarium.
941 3440 1041 3491 En.

538 3516 661 3586 788.
694 3516 799 3565 Nee
834 3515 885 3562 in
922 3526 1063 3577 terga
1096 3510 1217 3561 salis
1246 3508 1487 3579 probent

464 3598 601 3648 Ven.
622 3593 784 3663 Cusp.
808 3588 950 3641 Pith.
979 3606 1088 3659 quo
1108 3586 1347 3657 exemplo
1364 3608 1484 3647 nec,

466 3678 627 3729 breve
660 3668 929 3740 alioquin,
956 3668 1182 3721 subinde
1206 3666 1431 3739 produci
1454 3687 1483 3720 a

464 3754 637 3827 poetis
679 3750 903 3821 probare
942 3747 1057 3799 vult
1103 3747 1361 3799 Daumius
1417 3746 1485 3799 ad

466 3833 617 3889 Paul.
648 3830 786 3883 Petr.
819 3846 871 3898 p.
906 3826 1024 3889 348.
1044 3824 1147 3879 Sed
1165 3831 1287 3877 Hoec
1312 3829 1364 3877 in
1394 3840 1487 3878 ter-

462 3934 537 3984 ga
558 3910 738 3965 scribit
760 3908 977 3961 Camers
994 3904 1065 3959 ad
1090 3905 1251 3958 Prisc.
1274 3917 1329 3957 et
1346 3906 1483 3961 vad.

466 4010 591 4045 cum
606 3988 723 4043 cod.
733 3987 801 4042 V.
812 3984 1148 4057 sequentibus
1166 3984 1299 4038 aliis.

540 4073 664 4143 789.
700 4074 848 4121 Acme
874 4066 1219 4133 monstrigenis
1256 4065 1392 4117 Ven.
1432 4077 1483 4117 et

1586 2250 1827 2298 belluosus
1867 2253 2092 2299 Oceanus
2127 2247 2254 2301 Hor.
2291 2249 2469 2301 Cam.
2503 2249 2608 2311 IV,

1591 2331 1686 2392 τά,
1712 2334 1877 2395 47,οῑ
1897 2326 2084 2381 Avieni
2111 2327 2206 2381 Or.
2229 2346 2362 2382 mar.
2380 2348 2459 2382 vs.
2485 2336 2605 2395 ²04·

1586 2406 1908 2461 ——Similiter
1919 2419 1972 2461 et
1989 2409 2182 2461 Nostro
2201 2408 2450 2463 Oceanus
2469 2422 2608 2465 ceto-

1584 2503 1672 2537 sus
1698 2484 1890 2539 dicitur
1911 2524 1928 2548 ,
1953 2486 2104 2539 -infra
2125 2506 2176 2539 v.
2207 2487 2338 2558 1357
2359 2506 2374 2541 :
2411 2514 2436 2535 κ
2462 2490 2608 2543 Colis

1585 2575 1634 2615 et
1656 2563 1770 2636 ipsa
1783 2564 1978 2618 dehinc
1999 2564 2164 2619 cetosi
2184 2567 2348 2638 vergit
2361 2568 2414 2619 in
2427 2586 2607 2640 equor

1582 2642 1782 2697 Oceani
1802 2667 1847 2694 ι.
1877 2642 1976 2697 En.

1653 2742 1774 2792 790.
1814 2726 2080 2775 Immodice
2122 2727 2221 2775 late
2251 2739 2392 2791 pacet
2419 2744 2605 2781 omnes

1579 2801 1798 2873 quidem
1853 2802 2084 2873 antiquo
2136 2800 2262 2855 edd.
2320 2804 2599 2873 exhibeut3

1579 2880 1714 2934 bene
1753 2893 1930 2933 tamen
1975 2880 2270 2934 emendavit
2317 2883 2604 2941 Hudsonus

1580 2961 1854 3021 immodici,
1900 2959 2021 3031 quia
2067 2958 2176 3013 duo
2225 2959 2478 3017 adverbia
2525 2966 2604 3019 sic

1579 3038 1870 3109 conjungi,
1893 3037 2128 3110 ineptum
2157 3039 2392 3105 videtur,
2421 3057 2474 3097 et
2511 3048 2604 3099 im·

1579 3120 1764 3169 modici
1801 3136 2060 3171 consensu
2109 3118 2352 3174 codicum
2378 3126 2440 3175 Α..
2463 3136 2515 3177 et
2535 3126 2604 3178 V.

1579 3197 1778 3251 firmari
1833 3210 2013 3251 narrat
2071 3198 2290 3254 Schrad.
2351 3202 2603 3259 Similiter

1579 3293 1626 3326 v.
1665 3275 1763 3329 168
1783 3293 1796 3326 :
1814 3276 2143 3330 «immodico
2182 3280 2331 3333 sinus
2374 3301 2468 3335 ore
2505 3304 2600 3356 pa·

1577 3355 1725 3409 tescit
1744 3380 1794 3421 n,
1821 3368 1870 3407 et
1899 3374 1946 3408 v.
1979 3374 2110 3409 aoo:
2135 3360 2314 3429 «parci
2337 3360 2602 3419 Faucibus

1575 3434 1684 3487 oris
1710 3434 1824 3487 hiat
1839 3460 1881 3489 a.

1647 3531 1716 3583 79
1726 3532 1745 3565 1
1755 3520 2436 3587 ‚Anu-opandunturgumm
2451 3538 2600 3575 vasto

1579 3593 1738 3669 Antra
1753 3604 1806 3644 et
1823 3610 2010 3665 specus
2023 3594 2272 3649 dicuutur
2284 3598 2598 3655 immanium

1573 3672 1872 3725 belluarum
1898 3674 2074 3727 fauces
2095 3688 2146 3727 et
2167 3676 2290 3730 alvi.
2317 3678 2598 3745 andrns,

1576 3752 1674 3817 IV,
1709 3751 1737 3803 5
1757 3792 1773 3817 ‚
1818 3769 1908 3805 io:
1952 3754 2214 3827 «Capacis
2259 3757 2364 3810 alvi
2417 3760 2599 3812 mersit

1576 3841 1804 3885 tartareo
1826 3850 1984 3901 specu
2003 3856 2043 3883 ι.
2069 3832 2322 3889 Prudent.
2350 3837 2594 3891 Cathem.

1573 3911 1710 3974 vn,
1737 3928 1756 3963 t
1771 3912 1859 3963 15:
1883 3911 2038 3965 -Alvi
2064 3914 2272 3987 capacis
2291 3916 2441 3969 vivus
2463 3916 2596 3971 hau-

1571 3989 1706 4042 ritur
1727 4007 1890 4061 specu
1909 4015 1948 4041 υ.
1969 3990 2098 4045 vid.
2123 3994 2390 4048 Drakenb.
2411 3995 2478 4049 ad
2501 3997 2593 4051 Sil.
2707 4066 2714 4071 Ι

1572 4066 1650 4119 vl
1669 4106 1684 4132 ,
1705 4070 1822 4136 276.
1843 4068 1936 4118 W.

2538 703 2619 742 70⁰
2711 753 2724 762 ν
