2996 4685
629 367 754 448 ὄπ’
1029 374 1166 445 DE
1226 377 1879 446 EDITORIBUS
1944 380 2336 451 AVIENI.

707 508 885 572 VIII.
917 501 1111 572 Plane
1145 506 1441 596 spurium
1473 525 1543 571 et
1571 508 1892 572 recentius
1922 508 1993 570 in
2030 510 2335 599 Hispania
2362 507 2759 598 confictum,

559 647 566 654 ·
623 614 1166 703 suppositumque
1195 614 1446 678 Avieno
1464 661 1482 694 ,
1517 635 1682 701 opus
1708 613 1787 676 de
1816 613 2066 678 urbibus
2100 617 2427 705 Hispanioe
2456 620 2757 684 mediter-

621 722 829 784 rancis
879 719 1020 785 Nic.
1067 721 1392 785 Antonius
1431 735 1749 785 memorat
1771 719 1902 808 (1),
1931 737 1997 784 et
2037 723 2340 804 tria-ejus
2390 725 2754 816 fragmenta

619 828 873 909 recitat,
915 827 996 892 ab
1050 827 1454 914 Hieronymo
1504 826 1585 890 de
1638 827 1920 914 Hz‘guera
1939 877 1960 908 ,
2004 845 2070 892 et
2114 829 2306 894 Petro
2358 830 2438 894 de
2466 833 2747 911 ‚Ros-m,

615 925 859 998 Μαίη-ω
912 933 1167 997 Gemite
1184 979 1202 1013 ,
1243 931 1314 994 in
1366 931 1647 995 Historia
1698 931 2011 996 Toletano
2024 980 2044 1012 ,
2091 950 2234 998 tum
2282 936 2365 1001 ab
2404 937 2752 1026 Alphonso

617 1039 823 1104 'renio
881 1038 1176 1102 Menesio
1227 1037 1296 1100 in
1350 1038 1633 1102 Historia
1690 1037 1875 1103 Orbis
1926 1039 2274 1127 producta,
2306 1065 2463 1129 -quae
2509 1045 2747 1131 partim

614 1145 1000 1240 hexametris
1025 1143 1346 1224 versibus,
1391 1145 1627 1231 partim
1656 1144 1885 1208 iambis
1906 1193 1925 1227 ,
1950 1187 1955 1196 -
1976 1144 2059 1209 de
2094 1148 2599 1236 Carpetanorum
2629 1172 2750 1214 no-
2853 1206 2864 1216 .

614 1251 790 1316 mine
819 1274 858 1314 a
889 1250 1205 1338 carpentis
1238 1266 1302 1314 et
1327 1249 1513 1336 equis
1549 1251 1885 1314 curulibus
1913 1250 2251 1329 ducende,
2276 1268 2417 1316 tum
2450 1253 2532 1318 de
2562 1255 2753 1321 urbis

614 1357 826 1422 Toleti
852 1356 1101 1445 origine
1128 1355 1210 1418 ab
1242 1357 1525 1421 Hercule
1556 1355 1905 1444 repetenda
1921 1405 1939 1439 ,
1962 1372 2199 1445 agunt,
2226 1357 2340 1422 sed
2370 1382 2408 1421 a
2430 1359 2575 1424 Nic.
2602 1362 2748 1424 An-

609 1463 793 1528 tonio
823 1461 1112 1551 pessimae
1139 1460 1384 1524 fraudis
1415 1476 1480 1524 et
1503 1461 1915 1550 ineptissimae
1942 1463 2212 1528 inscitiae
2236 1464 2423 1528 variis
2452 1487 2529 1528 ex
2553 1466 2749 1531 ratio-

613 1569 802 1632 nibus
828 1583 1215 1658 arguuntur,
1234 1581 1300 1628 et
1325 1565 1709 1654 Hieronymi
1734 1568 2012 1632 Romani
2034 1567 2116 1632 ab
2144 1567 2457 1658 Higuera,
2480 1570 2514 1633 J
2520 1570 2747 1634 esuitae

607 1673 901 1737 Toletani
943 1686 1008 1735 et
1034 1670 1266 1734 famosi
1295 1669 1565 1746 falsarii,
1584 1671 1899 1759 suspectis
1930 1672 2253 1735 mercibus
2290 1690 2741 1739 accensentur.

603 1779 740 1843 Nos
765 1801 846 1843 ex
866 1777 966 1840 his
993 1775 1257 1865 pariter,
1285 1792 1479 1864 atque
1506 1776 1643 1840 aliis
1669 1778 2109 1865 Hispanorum
2137 1779 2520 1843 commentis
2542 1801 2744 1869 supra

603 1885 1001 1965 memoratis,
1026 1881 1270 1971 oppido
1299 1882 1749 1972 intelligimus,
1777 1900 2023 1969 quanto
2053 1883 2387 1947 molimine
2418 1882 2509 1947 illi
2542 1907 2741 1950 suum

603 1993 808 2054 facere
828 1989 1152 2054 Avienum
1170 2035 1188 2069 ,
1208 2003 1402 2074 atque
1424 2008 1503 2050 ex
1524 1986 1795 2051 nomine
1828 1987 1965 2066 ejus
1997 1988 2279 2076 aliquam
2312 1989 2581 2078 gloriam
2602 2013 2745 2056 suae

605 2097 826 2185 patriae
860 2093 1192 2157 adstruere
1222 2091 1687 2175 laboraverint,
1713 2115 1858 2178 quae
1886 2089 2027 2157 Nic.
2043 2093 2368 2158 Antonius
2402 2095 2609 2159 multo
2638 2095 2741 2160 fa-

601 2202 790 2265 cilius
821 2199 1134 2280 refutare,
1156 2212 1351 2283 atque
1381 2219 1523 2260 uno
1546 2197 1743 2260 veluti
1771 2197 1907 2261 ictu
1936 2196 2277 2287 profligare
2307 2200 2659 2287 potuisset,
2678 2203 2736 2265 si

602 2303 868 2393 quidem
901 2301 1333 2383 falsissimam,
1367 2302 1474 2365 cui
1504 2301 1624 2366 ista
1658 2317 2097 2391 superstructa
2132 2319 2287 2369 sunt
2304 2353 2322 2386 ,
2352 2305 2739 2394 opinionem·

604 2410 685 2485 de
722 2409 926 2499 patria
962 2408 1196 2473 Avieni
1225 2408 1537 2497 Hispania
1581 2408 1719 2496 ipse
1756 2430 1889 2473 non
1910 2425 2165 2474 temere
2194 2409 2585 2494 admisisset,
2617 2432 2739 2478 aut

599 2517 834 2581 melius
880 2515 960 2579 de
1008 2538 1082 2579 ea
1132 2536 1210 2578 ex
1261 2514 1534 2602 antiquo
1592 2531 2025 2579 monumento
2064 2516 2328 2598 Avieni,
2372 2518 2553 2615 quod
2592 2520 2735 2606 ipsi

598 2624 994 2686 excussimus
1011 2670 1029 2703 ,
1056 2620 1326 2685 edoctus
1359 2620 1603 2685 fuisset.

685 2732 998 2793 Revertor
1023 2749 1200 2791 nunc
1221 2726 1303 2791 ad
1327 2728 1613 2792 carmina
1627 2729 1889 2811 Avieni,
1908 2751 2053 2817 quae
2073 2729 2202 2794 hoc
2220 2731 2551 2795 volumine
2573 2755 2731 2821 pro-

597 2852 956 2924 ponuntur,
976 2829 1399 2924 geographica
1415 2882 1432 2913 ,
1450 2849 1525 2897 ut
1547 2833 1707 2923 quid
1724 2836 2039 2900 hactenus
2052 2882 2070 2916 ,
2090 2858 2127 2899 a
2146 2836 2515 2925 quibusque
2534 2838 2687 2903 viris
2706 2888 2735 2919 ,

598 2943 668 3006 in
701 2942 778 3005 iis
815 2938 1196 3030 castigandis
1233 2936 1630 3026 edendisque
1670 2940 2072 3005 elaboratum
2106 2941 2218 3019 sit,
2253 2958 2319 3005 et
2354 2942 2682 3032 quid.ipse
2704 2994 2726 3027 ,

594 3048 965 3136 quibusque
997 3043 1298 3109 subsidiis
1327 3044 1703 3128 instructuS,
1730 3045 2158 3133 praestiterim,
2184 3047 2543 3111 ostendam.
2562 3048 2729 3112 Edi-

594 3157 804 3219 tiones
847 3173 1076 3216 eorum
1123 3169 1258 3214 non
1302 3149 1659 3215 admodum
1680 3150 2071 3239 frequentes
2116 3175 2255 3217 esse
2271 3200 2290 3235 ,
2323 3176 2359 3217 e
2390 3154 2679 3244 catalogo
2702 3206 2726 3239 ,Α

587 3283 787 3349 quem
836 3256 1320 3347 subjungimus,
1353 3255 1637 3344 adparet.
1684 3256 1817 3339 Qui
1862 3260 2095 3323 selecta
2134 3282 2365 3323 eorum
2403 3260 2579 3342 loca,
2606 3278 2725 3325 aut

591 3391 743 3432 casu
790 3366 1006 3432 oblata
1053 3363 1354 3453 separatis
1389 3362 1459 3425 in
1497 3362 1676 3426 libris
1724 3366 2120 3430 correxerint
2164 3380 2231 3429 et
2262 3366 2722 3454 explicuerint,

590 3474 769 3541 haud
794 3474 984 3536 multi
1015 3470 1474 3535 inveniuntur:
1498 3468 1613 3555 qui
1644 3484 1856 3533 totum
1887 3486 2135 3535 textum
2170 3492 2504 3536 recensere
2528 3470 2733 3537 adni-.

591 3606 704 3647 sus
756 3581 870 3661 sit,
906 3593 971 3641 et
1011 3576 1456 3666 castigationes
1500 3573 1573 3639 in
1616 3598 1767 3639 eum
1816 3577 2177 3667 collegerit,
2220 3577 2487 3643 fortasse
2538 3601 2717 3644 unus

592 3663 950 3752 Hudsonus
1007 3697 1137 3765 est3
1187 3680 1304 3746 sed
1352 3680 1466 3768 qui
1519 3696 1829 3769 perpetua
1878 3682 2297 3749 adnotatione
2357 3682 2719 3749 emendan-

593 3794 754 3859 dum
801 3789 1039 3879 pariter
1078 3810 1152 3851 ac
1202 3784 1663 3850 illustrandum
1716 3788 2099 3875 sumpserit,
2130 3788 2443 3853 hactenus
2486 3788 2728 3855 inveni

583 3898 928 3964 neminem.

651 4126 728 4195 (ι)
765 4122 898 4176 Bibl.
929 4130 1032 4178 vet.
1059 4118 1209 4191 Hisp.
1226 4116 1320 4171 lib.
1341 4116 1428 4183 11,
1455 4134 1569 4189 cap.
1588 4134 1647 4185 9,
1671 4135 1724 4189 p.
1750 4120 1847 4170 162
1876 4134 1984 4187 aeq.
