2996 4685
1180 488 1663 558 CARMINA.
2221 572 2230 581 ,
2344 482 2476 559 631

455 608 716 678 Invitus
752 607 965 701 rapit,
1008 622 1076 676 et
1104 606 1245 679 caeli
1283 609 1715 679 circumrotat
1753 610 2007 679 orbem.

453 722 697 811 Annua
731 715 846 787 Sol
882 717 1141 786 medius
1179 716 1484 813 designat
1524 734 1868 812 tempora3
1907 718 2156 787 Phoebe

454 830 837 915 Menstrua3
882 851 1171 922 namque
1205 853 1385 898 anno
1434 826 1658 899 Solem
1702 853 1996 898 remeare
2029 828 2322 913 videbis,

454 938 748 1007 Moverit
788 937 969 1007 unde
1009 962 1162 1007 suos
1201 962 1437 1009 currus
1479 964 1602 1033 per
1639 939 1826 1032 signa
1859 937 2176 1008 volantes.

456 1052 603 1117 Hoc
647 1049 905 1143 peragit
939 1050 1237 1143 spatium
1272 1050 1582 1119 breviore
1615 1050 1882 1118 citatior
1917 1049 2081 1118 orbe

455 1161 760 1228 Mensem
790 1156 1153 1254 expleturis
1178 1159 1430 1229 Phoebe
1469 1173 1784 1229 contenta
1820 1158 2077 1227 diebuS.

460 1273 741 1340 Annuus
768 1284 870 1339 est
886 1272 1133 1340 Veneri
1160 1295 1427 1357 cursus3
1460 1294 1680 1365 neque
1706 1269 1960 1338 tardior
1984 1266 2098 1338 illa
2449 1292 2492 1330 ιε

460 1381 840 1450 Mercurius
859 1436 877 1465 ‚
902 1381 1096 1450 binos
1131 1380 1465 1451 Gradivus
1493 1380 1755 1475 perficit
1788 1378 2000 1447 orbes,

980 1646 1063 1713 V.
1113 1647 1246 1713 DE
1305 1643 1800 1713 PLANETIS
1836 1642 1882 1711 ⁸.

457 1863 796 1933 Sonn'ros
838 1859 991 1930 celsi
1035 1860 1362 1954 replicant
1406 1858 1840 1929 amfractibus
1883 1861 2104 1947 orbeS,

456 1969 771 2038 Vicinum
804 1970 997 2039 terris
1030 1968 1463 2040 circumvolat
1497 1995 1697 2039 aurea
1729 1976 1922 2041 Luna
1943 2026 1961 2056 ,

460 2079 683 2168 Quam
722 2105 922 2174 super
958 2081 1297 2149 invehitur
1333 2080 1713 2176 Cyllenius,
1749 2081 1921 2150 alma
1959 2084 2230 2175 superni

454 2192 859 2261 Nectareum
892 2190 1117 2260 ridens
1148 2190 1279 2261 late
1315 2190 1618 2286 splendet
1657 2192 2001 2285 Cytherea.

460 2299 897 2397 Quadrijugis
932 2302 1235 2372 invectus
1272 2303 1460 2397 equis
1495 2300 1608 2372 Sol
1647 2302 1882 2396 igneus
1916 2300 2126 2370 ambit
2475 2328 2496 2366 ε

458 2412 764 2502 Quartus
807 2427 876 2481 et
907 2413 1211 2483 aetherias
1246 2427 1486 2500 metas3
1520 2437 1732 2508 quem,
1769 2411 2009 2481 deinde
2051 2435 2338 2505 superne

465 2523 767 2628 Respicit
793 2525 1287 2618 Omnipotens;
1326 2536 1549 2592 sextus
1589 2521 2082 2593 Phaethontius
2115 2520 2315 2590 ardor

456 2630 751 2724 Suscipit
783 2630 1115 2701 excelsum
1152 2631 1443 2700 brumali
1484 2631 1734 2726 frigore
1772 2631 1976 2700 sidus.

462 2735 893 2807 Plectricanae
936 2739 1221 2834 cytharae
1262 2755 1517 2834 septem
1555 2739 2047 2809 discriminibus
2089 2763 2258 2834 quos
2373 2826 2380 2834 ·

463 2847 865 2918 Adsimilans
902 2851 1163 2944 genitor
1199 2847 1517 2920 concordi
1561 2850 1868 2920 examine
1905 2851 2150 2944 junxit.

440 3062 463 3090 *
502 3061 769 3116 Ineditum
820 3063 923 3118 hoc
966 3065 1291 3135 epig-ramma
1330 3083 1392 3116 ex
1482 3065 1666 3118 Diana
1715 3063 2062 3135 Noctivagnm
2085 3099 2101 3126 ,
2155 3063 2380 3116 Veneris
2423 3064 2510 3118 fax

367 3152 473 3194 vet.
516 3140 635 3195 cod.
687 3140 967 3195 addiderat
990 3143 1121 3200 ,Ριεῑο
1160 3142 1396 3196 Pithoeus
1482 3142 1756 3214 pronuba,
1782 3141 1932 3194 Mars
1958 3143 2102 3194 Deus
2129 3139 2334 3205 audax,
2365 3143 2511 3196 Mer-

370 3221 790 3292 exemplu-isne
811 3219 1059 3276 editionis
1077 3221 1133 3273 in
1146 3220 1395 3274 Biblioth.
1484 3222 1666 3276 curius
1709 3221 1926 3274 volucer
1945 3258 1962 3284 ,
2005 3218 2260 3274 nascendi
2307 3221 2512 3292 Jupiter

369 3299 532 3354 Paris.
561 3312 617 3353 et
636 3301 851 3354 titulum
870 3300 1161 3373 prefixerat
1182 3300 1401 3352 Alexan-
1486 3312 1690 3354 auctor.
1759 3300 1996 3354 Divisere
2049 3299 2292 3352 homines
2352 3302 2514 3354 stello

369 3377 485 3446 dri,
510 3392 601 3432 aut
627 3379 803 3452 potius
828 3379 1209 3435 Anaximandri
1241 3377 1401 3432 Mile·

372 3457 437 3511 sii
455 3499 472 3525 ,
508 3477 572 3511 ex
616 3462 727 3532 ejus
750 3460 962 3531 sphera
984 3499 1000 3526 ,
1037 3458 1187 3531 cujus
1208 3457 1405 3529 Dioge·

1492 3397 1735 3451 quoque,
1765 3389 1824 3430 ut
1847 3378 2094 3431 omnibus
2117 3377 2297 3430 insint.
2326 3378 2511 3431 Satur-

1493 3477 1630 3522 nus,
1673 3457 1795 3524 Sol,
1841 3459 2030 3522 Luna,
2070 3456 2284 3522 Venus,
2339 3457 2516 3525 Mars,

371 3555 469 3591 nes
498 3539 737 3592 Laertius
766 3539 1022 3591 meminit.
1037 3537 1283 3590 Conserri
1300 3555 1409 3590 me-
1495 3538 1924 3610 sapim-,Arcam
1944 3535 2182 3589 AEtherio
2199 3536 2352 3590 nohis
2369 3557 2519 3591 nam-

368 3629 519 3670 retur
542 3616 646 3672 hoc
674 3615 837 3690 epigr.
856 3635 980 3671 cum
1004 3617 1111 3669 alio
1129 3615 1317 3669 Graeco
1334 3613 1404 3668 de

372 3707 573 3768 septem
607 3695 839 3750 Planetis
868 3695 923 3748 iu
961 3695 1173 3748 Anthol.
1205 3693 1403 3749 Groecae

372 3774 625 3830 Mantissa
642 3816 658 3841 ,
694 3795 777 3847 ep.
807 3795 835 3829 ω
857 3814 874 3839 ,
916 3795 967 3847 p.
988 3773 1019 3828 3
1038 3814 1055 3840 ,
1092 3773 1177 3827 ed.
1202 3774 1403 3850 Obsop.

372 3853 521 3924 quod
542 3855 669 3926 quia
693 3854 949 3926 prolixius
985 3867 1085 3920 est,
1121 3851 1254 3906 illud
1293 3868 1401 3904 tan—

374 3943 491 3984 tum
516 3933 755 3987 adferam
781 3953 847 3987 ex
880 3933 1096 4005 Hugou.
1123 3931 1299 3985 Grotii
1326 3931 1406 3984 in-

372 4013 781 4082 terpretatione:
838 4037 865 4057 κ
887 4011 1047 4065 Orbis
1092 4011 1149 4064 in
1201 4006 1405 4065 melanii

374 4103 516 4144 texto
537 4103 751 4163 septena
767 4103 1027 4163 vagantur
1042 4092 1244 4158 Sidera,
1254 4091 1405 4164 queis

374 4169 593 4242 longum
616 4171 813 4243 pariter
838 4173 1177 4226 convolvitur
1198 4189 1398 4226 ovum:

373 4251 593 4304 Saturni
636 4248 779 4304 sidus
812 4271 1010 4324 grave,
1045 4251 1181 4306 Solis
1208 4251 1367 4305 dulce
1390 4292 1407 4317 ,

1497 3635 1602 3688 que
1628 3616 1743 3669 hoc
1781 3636 1813 3669 a
1849 3615 2050 3668 semine
2081 3626 2300 3668 manant
2325 3616 2520 3684 Ortus,

1490 3714 1624 3762 vox,
1655 3695 1930 3768 lacrymae,
1973 3692 2141 3757 risus,
2175 3713 2334 3767 sopor
2349 3735 2366 3762 ‚
2406 3695 2516 3762 ira,

1492 3773 1692 3845 cupido
1713 3793 1727 3828 ε
1773 3775 2031 3828 Saturnus
2069 3773 2343 3848 lacrymo,
2368 3775 2514 3831 Mars

1494 3854 1574 3907 ira
1599 3890 1614 3916 ,
1663 3853 1924 3926 Diespiter
1975 3865 2123 3910 ortus
2145 3892 2164 3916 ,
2215 3853 2513 3910 Mercurius

1492 3952 1596 3986 vox
1610 3974 1626 3999 ,
1664 3934 1814 3986 Luna
1837 3951 1998 4006 sopor
2015 3969 2032 3997 ,
2067 3932 2334 4006 Cytherea
2363 3937 2513 4007 cupi·

1492 4011 1565 4065 do
1581 4052 1595 4078 ,
1614 4011 1704 4066 Sol
1724 4013 1856 4064 risus
1874 4033 1890 4078 ς
1914 4030 2038 4065 nam
2057 4011 2179 4065 Sole
2197 4012 2356 4065 simul
2379 4031 2516 4068 mor-

1492 4092 1619 4145 talia
1643 4091 1812 4158 saecla,
1832 4092 2023 4144 Omnis
2041 4102 2094 4144 et
2115 4090 2358 4144 immensi
2384 4093 2518 4148 lats-

1492 4182 1581 4224 ssnr
1595 4169 1837 4223 machin&
1853 4168 2040 4222 mundi
2055 4196 2094 4220 ¹·-
2114 4175 2270 4220 Arcas
2283 4188 2381 4240 pm
2393 4177 2520 4226 Mer.

1495 4253 1630 4301 curio
1649 4248 1705 4302 in
1727 4250 1812 4304 liis
1833 4247 2048 4320 optimis
2067 4267 2141 4300 vs.
2163 4259 2393 4304 notetur.
2411 4251 2513 4306 En.
