2996 4685
729 363 1358 431 DESCRIPTIO
1419 365 1551 430 ΟΒ
1568 365 1727 433 Β18
1786 363 2159 433 TERRAE.

2379 365 2505 433 281

471 482 726 555 Ultima
756 484 1138 579 Epetrimos
1177 482 1372 553 tellus
1407 485 1644 555 habet:
1682 500 1748 555 et
1786 483 2020 580 procul
2066 487 2189 555 ista

471 596 674 663 Cassa
717 594 934 663 virfim
981 608 1110 681 est,
1154 592 1356 663 nullis
1398 619 1717 689 pecorum
1760 594 2090 665 balatibus
2126 598 2271 691 agri

469 702 890 789 Persultant3
933 703 1158 773 herbae
1201 703 1444 774 viduus
1483 704 1665 799 jacet
1710 706 2009 801 undique
2044 715 2305 802 cespes,

471 812 736 883 Fronde
771 829 996 901 caret3
1041 839 1372 908 nusquam
1414 830 1625 885 terras
1664 817 2025 887 intersecat
2058 818 2304 887 amnis.
2438 845 2518 891 9⁴0

471 924 713 1017 Caspia
750 938 850 993 tot
887 922 1018 993 late
1051 924 1480 995 circumdant
1514 950 1781 1019 aequora
1818 940 2071 1021 gentes.

564 1035 767 1104 Nunc
805 1060 1070 1105 rursum
1108 1036 1194 1105 ab
1240 1033 1515 1106 Colchis
1551 1050 1617 1104 et
1664 1034 1884 1130 glauci
1927 1035 2231 1107 Phasidis
2270 1040 2467 1109 undis

368 1276 520 1313 mum
548 1258 694 1313 Indis
720 1280 782 1314 ac
806 1261 1116 1316 Sinensibus
1143 1274 1397 1317 mercato·

369 1336 522 1390 ribus
537 1340 850 1411 emporium.
877 1342 982 1395 En.

438 1418 566 1488 937.
600 1422 782 1471 Ultima
818 1424 1092 1489 Epetrt‘mos
1123 1424 1266 1474 tellus
1305 1423 1394 1473 lta·

365 1499 462 1547 bet.
501 1496 602 1551 Hic
647 1499 756 1553 loci
797 1500 1030 1554 Avienus
1073 1500 1395 1574 adjectivum

365 1576 652 1647 ἐπητρίμους
689 1597 888 1632 nomen
923 1580 1202 1653 proprium
1235 1581 1390 1635 facit-z

361 1656 514 1729 qnod
539 1660 890 1731 ignorantiam
919 1662 1032 1735 ejus
1067 1674 1179 1716 tam
1211 1662 1266 1715 in
1293 1661 1395 1715 lin-

362 1755 466 1810 gua
505 1739 718 1808 Groeca,
751 1760 916 1812 quant
953 1741 1009 1795 in
1055 1742 1394 1814 Geographia

359 1816 564 1889 prodit.
581 1820 757 1874 Hnns.
791 1852 862 1862 —
889 1820 1104 1875 Addere
1125 1821 1394 1876 debuisset

359 1897 722 1968 ignorantiam
767 1902 936 1955 metri.
971 1902 1210 1955 Tertiam
1246 1901 1390 1955 enim

359 1977 422 2028 in
460 1978 712 2050 ἰπτῑτριμος
748 1981 964 2034 brevem
1015 1998 1127 2035 esse
1161 1981 1390 2035 ostendit

360 2056 587 2131 Dionys.
627 2078 676 2114 v.
717 2060 824 2132 758
860 2075 910 2113 et
944 2078 1096 2133 1079.
1129 2062 1290 2116 sena.
1318 2090 1390 2103 —

357 2134 536 2189 Nolim
557 2138 806 2211 equidem
831 2140 1142 2213 ignorantias
1162 2141 1218 2193 in
1241 2140 1390 2195 Gra·

356 2232 428 2268 ea
452 2214 630 2289 lingua
667 2220 934 2293 postulare
962 2221 1222 2275 Avienum
1242 2258 1259 2284 ,
1293 2220 1388 2293 qui

356 2294 538 2366 plures
571 2308 754 2370 poetas
782 2300 996 2356 Graecos
1036 2300 1201 2354 latine
1233 2318 1390 2374 expo·

355 2394 488 2428 nere
507 2397 666 2432 ansus
700 2393 807 2448 est,
835 2394 888 2435 et
909 2382 1140 2435 multum
1170 2381 1386 2435 Greco-

355 2474 478 2510 rum
505 2459 828 2534 scriptorum
853 2463 1054 2534 pariter
1079 2481 1142 2516 ac
1159 2461 1389 2534 Geogra·

355 2535 500 2610 phin
557 2539 798 2593 studium
866 2541 1192 2596 carminibus
1243 2543 1352 2596 suis
1371 2585 1386 2610 ,

356 2619 648 2688 prasertim
681 2621 806 2672 Orat
840 2621 1014 2674 mai-it.
1051 2623 1351 2693 fragmento
1368 2664 1386 2690 ,

357 2695 493 2750 vasti
519 2698 698 2772 operis
721 2700 1084 2773 Geographici
1106 2702 1388 2776 principio,

355 2777 635 2848 probavit,
667 2790 784 2833 tum
819 2779 876 2832 in
917 2781 1031 2852 ipsa
1057 2780 1262 2836 Gracia
1290 2782 1385 2836 diu

355 2857 650 2912 Proconsul
673 2871 914 2914 versatus
934 2873 1031 2914 est.
1053 2860 1156 2915 Sed
1177 2862 1385 2916 luxuria

355 2937 558 3009 ingenii
601 2939 854 2994 nimirum
893 2953 948 2994 et
989 2939 1179 3012 spiritu
1217 2943 1388 2996 libem

355 3017 595 3088 peccavit
611 3057 628 3082 ,
672 3020 768 3091 qui
829 3017 944 3092 lege
987 3020 1288 3093 interpretis
1332 3041 1388 3085 et

354 3097 702 3154 Grammatici
738 3118 875 3173 tegre
912 3103 1270 3168 coercebatur,
1305 3117 1386 3158 te·

357 3181 486 3233 nuia
506 3222 522 3250 ,
560 3201 680 3254 qne
717 3183 1020 3256 desperaret
1055 3203 1208 3257 posse
1245 3187 1384 3239 nite-

357 3275 504 3313 scere
523 3301 541 3328 ,
571 3264 851 3334 spernebat
868 3305 884 3331 ,
918 3264 1138 3336 grandia
1168 3276 1221 3317 et
1241 3265 1386 3320 lucu·

355 3339 497 3392 lenta
512 3342 835 3408 sectabatur,
845 3343 900 3395 in
913 3343 1108 3416 quibus
1122 3345 1383 3399 exsultare

355 3433 557 3489 possen
585 3421 754 3474 multa
787 3423 947 3494 igitur
977 3423 1218 3498 Dionysii
1245 3443 1380 3496 prte-

357 3502 657 3555 tervolabat
675 3539 692 3566 ,
708 3514 803 3556 aut
823 3502 1147 3574 negligebat,
1175 3503 1376 3576 impetu

353 3579 558 3651 ingenii
581 3581 804 3635 ablatus.
827 3583 940 3634 Nec
965 3593 1142 3635 tamen
1171 3583 1380 3636 Priscia-

354 3677 454 3712 nus
474 3697 490 3723 ,
515 3661 949 3734 circumspectior
965 3660 1223 3733 interpres
1237 3699 1252 3724 ‚
1277 3663 1378 3715 mi·

355 3757 456 3792 nus
476 3741 746 3811 peccavit,
783 3754 843 3795 ut
869 3741 1174 3794 notavimus
1202 3739 1268 3794 ad
1295 3761 1374 3794 vs.

357 3821 492 3884 803,
517 3822 652 3888 818,
686 3825 836 3876 1026.
856 3823 955 3877 W.
974 3853 1046 3863 —
1080 3825 1260 3874 Ultima
1289 3829 1380 3874 Pe-

354 3901 524 3952 trt'mos
541 3902 681 3954 Ven.
709 3903 872 3973 Cusp.
905 3905 1088 3953 Ultima
1117 3905 1382 3970 Epis-imos

355 3977 494 4032 vad.
509 3983 778 4048 Epeerimos
800 3980 938 4033 Pith.
959 4001 1118 4053 quem
1144 3982 1382 4052 sequitur

355 4058 525 4112 Huds.
565 4061 628 4112 In
663 4079 870 4130 grisco,
907 4079 981 4114 vs.
1003 4063 1138 4132 758,
1175 4061 1380 4134 Scythae

357 4152 616 4193 vocantur
663 4139 910 4212 ἐπήτριμοι
931 4181 945 4205 ,
993 4139 1140 4213 quod
1185 4161 1380 4195 nomen

1485 1264 1743 1332 Avienus,
1764 1266 1919 1339 quasi
1946 1264 2125 1337 populi
2160 1278 2327 1331 esset,
2357 1280 2513 1320 extu-

1485 1340 1563 1395 lit.
1586 1342 1801 1399 Camers
1818 1344 1887 1400 ad
1905 1344 2065 1398 Prisc.
2086 1345 2186 1415 73¹
2209 1343 2313 1399 hoc
2332 1357 2515 1418 negat,

1485 1434 1538 1473 et
1577 1424 1921 1477 conformiter
1954 1423 2022 1479 ad
2060 1442 2293 1497 gracum
2330 1426 2511 1499 legen·

1483 1500 1615 1555 dum
1654 1516 1805 1575 putat
1841 1508 2025 1557 Ultima
2053 1520 2330 1573 postremos
2370 1510 2511 1558 tellus

1482 1583 1657 1643 habet,
1690 1585 1816 1655 quia
1846 1584 2131 1656 δπητρῖμους
2156 1584 2379 1655 explicat
2410 1604 2513 1637 συν·

1485 1663 1632 1727 tntis,
1673 1662 1710 1717 i.
1747 1683 1792 1717 e.
1818 1664 2032 1719 ultimos
2049 1703 2067 1730 ,
2099 1678 2193 1719 aut
2220 1668 2401 1717 Ultima
2422 1684 2513 1733 pe-

1481 1744 1661 1804 trinos,
1705 1756 1767 1797 ut
1792 1762 1975 1798 sensus
2000 1746 2066 1797 sit
2086 1782 2102 1808 ,
2139 1744 2379 1798 nltimam
2408 1756 2513 1798 ter·-

1481 1838 1599 1873 ram
1611 1823 1843 1894 regionis
1854 1823 2020 1896 hujus
2032 1822 2231 1877 habere
2241 1823 2509 1887 homines,

1480 1899 1593 1953 loca
1624 1900 1861 1973 lapidosa
1886 1902 2197 1957 habitantes.
2230 1903 2363 1967 Quae
2382 1920 2509 1955 sane

1478 1989 1663 2033 coacta
1689 1992 1769 2033 est
1794 1982 2178 2054 interpretatio.
2205 1980 2343 2035 Mihi
2371 1979 2511 2034 vide-

1478 2068 1567 2111 tur
1586 2060 1820 2115 Avienus
1840 2064 2115 2130 Epem‘mos
2148 2080 2257 2115 non
2281 2080 2379 2131 pro
2406 2080 2508 2113 no·

1477 2139 1627 2192 mine
1667 2140 1952 2212 singularis
1994 2140 2217 2214 populi,
2270 2138 2365 2193 sed
2405 2158 2507 2212 pro

1477 2233 1831 2291 cognomento
1876 2223 1961 2275 vel
2015 2222 2267 2275 distincto
2315 2239 2510 2292 genere

1475 2298 1795 2372 Scytharum
1841 2300 2115 2368 habuisse,
2162 2300 2508 2375 posuisseque

1475 2399 1577 2452 pro
1611 2381 1739 2453 ipsis
1764 2381 1997 2456 Scythis.
2016 2383 2186 2435 Aliter
2210 2381 2507 2452 perspicere

1475 2459 1562 2514 vix
1606 2479 1821 2533 possum
1837 2501 1854 2528 ,
1900 2461 1997 2535 qui
2044 2462 2247 2515 factum
2286 2460 2388 2526 sit,
2442 2474 2503 2515 ut

1474 2539 1797 2613 Scytharum
1825 2559 2021 2596 nomen
2038 2582 2055 2608 ,
2085 2540 2212 2594 satis
2238 2541 2423 2594 tritum
2450 2554 2504 2596 et

1473 2630 1660 2674 notum
1674 2657 1689 2682 ‚
1719 2621 2027 2696 proteriret.

1546 2705 1668 2768 940.
1692 2703 1887 2752 Fronde
1903 2715 2098 2760 carme,
2129 2720 2397 2768 numquam
2414 2701 2506 2755 ha·

1473 2780 1603 2831 bent
1619 2781 1762 2832 Ven.
1786 2779 1951 2852 Cnsp.
1974 2797 2095 2832 cnm
2111 2780 2173 2832 A.
2192 2778 2334 2832 unde
2357 2779 2501 2833 Pith.

1474 2870 1530 2912 et
1553 2857 1723 2913 Euda.
1752 2878 1947 2919 emus,
1984 2878 2241 2926 nusquam.
2275 2859 2503 2914 Vadian.

1473 2954 1639 3001 caree,
1663 2955 1937 3008 nunquam.
1959 2938 2290 2994 Schraderus
2313 2941 2503 3010 probat

1472 3034 1613 3072 came
1627 3040 1647 3071 .·
1673 3038 1927 3086 nunquam
1955 3017 2187 3072 Pithoeus
2216 3031 2363 3072 recte
2386 3039 2503 3072 mtt-

1473 3100 1603 3154 tavit
1621 3099 1676 3152 in
1695 3119 1954 3168 nusquam.
1967 3105 2219 3152 —Terras
2244 3102 2507 3152 intersecat

1470 3185 1649 3234 amnis.
1670 3180 1871 3234 Eodem
1889 3182 2056 3234 verbo
2074 3179 2247 3233 utitur
2262 3179 2359 3232 Or.
2371 3197 2504 3234 mar.

1473 3279 1549 3314 vs.
1568 3265 1633 3314 61
1648 3281 1667 3315 1
1686 3280 1702 3313 z
1740 3287 1766 3309 u·
1781 3261 1941 3334 hujus
1974 3261 2125 3314 alveo
2157 3260 2313 3312 lbera
2347 3257 2503 3312 tellus

1470 3353 1629 3412 atque
1682 3341 1905 3411 Ligures
1950 3338 2119 3410 asperi
2167 3339 2499 3391 Intersecan·

1470 3433 1557 3474 tur
1578 3445 1601 3466 ι
1622 3443 1638 3487 ;
1660 3432 1714 3473 et
1736 3439 1809 3472 vs.
1831 3420 1963 3483 634:
1986 3443 2008 3464 ιι
2033 3435 2159 3470 arva
2178 3414 2371 3470 Gallici
2399 3417 2499 3470 soli

1467 3501 1863 3553 Intersecantur
1924 3515 2150 3568 scrupeo
2209 3495 2420 3570 fastigio
2458 3523 2500 3552 ι.

1466 3581 1633 3634 Scan.
1657 3611 1730 3620 —
1748 3579 1879 3631 Tale
1904 3590 1986 3632 est
2005 3615 2021 3640 ,
2057 3575 2207 3650 quod
2245 3595 2401 3650 supra
2432 3577 2502 3630 de

1465 3661 1651 3712 Tauro
1678 3670 1863 3712 monte
1888 3657 2099 3711 dicebat
2124 3677 2201 3712 vs.
2221 3658 2347 3722 840:
2370 3683 2395 3704 ι
2412 3658 2501 3710 In·

1467 3751 1758 3811 terstatque
1786 3739 1915 3812 jugo
1946 3735 2177 3790 mediam
2203 3736 2425 3808 (Asiam)
2448 3763 2495 3802 υ,

1469 3821 1564 3872 ubi
1592 3819 1715 3872 vide
1740 3830 1856 3872 not.
1886 3818 1987 3872 W.

1541 3907 1663 3969 94²·
1683 3903 1761 3950 Ab
1790 3900 1977 3951 Colchis
2004 3911 2053 3948 et
2076 3900 2239 3948 raucis
2258 3900 2497 3950 Phasidos

1469 3984 1629 4032 undis.
1658 3978 1903 4032 Heinsius
1934 3976 2164 4049 conjecit
2182 3979 2382 4046 glauci,
2414 3979 2499 4030 of-

1469 4063 1651 4113 fensus
1686 4058 1837 4112 haud
1876 4056 2037 4110 dubie
2065 4068 2142 4108 tot
2176 4055 2397 4109 vocibus
2440 4054 2495 4106 in

1469 4145 1511 4193 is
1552 4139 1877 4194 exeuntibus.
1915 4136 2119 4191 Deinde
2158 4137 2499 4188 conferantur
