2996 4685
478 314 620 386 256

1241 318 1322 383 R.
1374 311 1445 377 F.
1502 315 1846 385 AVIENI

571 440 769 532 Regis
805 436 1131 532 Erythraei
1168 433 1363 505 tellus
1400 432 1540 503 haec
1575 450 1735 504 nota
1771 435 2077 530 sepulcro

570 548 924 630 Tenditur,
966 563 1029 616 et
1068 545 1265 616 nudis
1292 545 1457 638 juga
1496 559 1760 614 tantum
1797 548 2106 616 cautibus
2145 548 2442 617 horrent.

662 661 963 731 Persicus
1001 658 1163 727 hinc
1198 672 1395 726 aestus
1434 656 1656 726 fauces
1699 657 1881 726 hiat:
1939 656 2156 727 insula
2192 683 2460 728 rursum
2483 713 2502 744 ‚

570 772 643 842 Si
682 787 903 840 tamen
942 771 1013 838 in
1050 772 1308 838 Borean
1354 766 1714 836 flectantur
1745 769 2022 837 carbasa
2062 769 2350 862 cymbae,

569 886 799 952 Icarus
836 881 1014 950 aerio
1052 879 1395 972 consurgit
1431 878 1680 945 vertice
1725 877 1796 946 in
1840 902 2070 963 auras,
2532 903 2612 940 σω

574 995 803 1062 Icarus
844 991 1177 1084 ignicomo
1219 986 1357 1058 Soli
1403 1011 1630 1070 sacra3
1683 1013 1970 1082 namque
2009 989 2224 1060 Sabaei

575 1105 773 1174 Turis
805 1104 898 1172 ibi
936 1125 1196 1196 semper
1228 1123 1397 1194 vaga
1428 1097 1690 1168 fumum
1729 1098 1958 1168 nubila
1991 1097 2290 1168 volvunt.

472 1304 633 1355 manis
658 1318 766 1352 non
794 1303 1059 1372 conjungo
1085 1315 1207 1350 cum
1224 1315 1364 1364 rupes
1379 1334 1393 1358 ,
1413 1294 1506 1347 sed

477 1379 785 1452 simpliciter
824 1377 1025 1432 dictum
1059 1387 1194 1451 puto
1223 1387 1280 1428 nt
1303 1394 1377 1428 vs.
1400 1377 1506 1430 636

478 1462 685 1520 peloris,
708 1459 811 1530 678
838 1460 1014 1509 Sunius
1031 1495 1046 1519 ,
1072 1467 1124 1508 et
1151 1456 1249 1508 Or.
1276 1473 1408 1508 mar.
1436 1474 1500 1524 91

477 1542 801 1607 OEstrymnis,
826 1557 897 1591 sc.
921 1536 1045 1609 ἄκρη
1064 1535 1147 1589 vel
1184 1554 1295 1588 arx.
1342 1541 1505 1588 Porro

476 1621 659 1674 invehit
702 1621 860 1669 undas
908 1616 1105 1668 habent
1145 1614 1285 1668 Ven-
1338 1615 1501 1686 Cusp-

475 1699 615 1753 Pith.
662 1697 824 1768 idque
866 1693 1106 1748 defendit
1126 1732 1142 1758 ,
1171 1707 1223 1748 et
1258 1694 1503 1765 pluribus

479 1779 642 1852 ipsius
654 1776 838 1829 Avieni
858 1772 1125 1847 exemplis,
1136 1773 1311 1826 firmat
1322 1773 1502 1828 Heius.

475 1857 545 1913 ad
574 1855 739 1911 ovid.
766 1855 893 1907 Met.
922 1854 957 1905 l.
986 1873 1031 1907 c.
1061 1853 1215 1905 Unus
1243 1871 1272 1904 e
1306 1852 1500 1905 veteri·

470 1939 568 1992 bus
596 1935 736 1989 Vad.
763 1933 927 1988 edidit
954 1935 1133 1986 invehit
1152 1935 1317 1992 undis,
1339 1931 1502 2004 idque

470 2017 715 2092 probavit
736 2015 890 2069 Schr.
914 2033 999 2067 me
1018 2032 1125 2066 non
1156 2011 1500 2066 adsentiente.

545 2100 670 2169 796.
694 2096 911 2149 Salmas.
942 2093 1013 2146 ad
1041 2091 1149 2146 sol.
1177 2112 1228 2165 p.
1264 2094 1361 2155 341
1391 2111 1502 2146 mo-

474 2189 591 2242 net,
607 2195 769 2247 quem
806 2175 1036 2226 Avienus
1080 2183 1130 2224 et
1174 2171 1338 2224 Prisc.
1376 2191 1500 2226 cum

474 2254 730 2328 Dionysio
768 2262 957 2305 vocent
990 2255 1291 2317 Erythraeum
1318 2271 1500 2320 -regem

478 2354 590 2390 esse
614 2337 889 2400 Erythram
917 2328 1131 2385 nomine
1151 2348 1278 2383 vero
1312 2342 1364 2382 et
1383 2350 1504 2403 pro-

481 2416 632 2489 prio,
652 2412 796 2485 quod
818 2430 913 2484 per
933 2418 989 2465 τὸ
1027 2412 1204 2464 ἇθνικὸν
1311 2416 1502 2484 υοροιῖος

476 2496 754 2559 efferatur,
789 2488 1237 2561 quemadmodum
1304 2496 1502 2564 μιραῖος

476 2578 702 2647 ποταμὸς
723 2572 787 2624 sit
807 2564 982 2644 Ῐμέρας
1004 2569 1195 2623 fluvius
1211 2612 1225 2635 ,
1252 2572 1380 2623 urbs
1400 2572 1502 2622 Ro-

480 2674 631 2708 mana
642 2691 657 2715 ,
676 2652 755 2704 vel
776 2649 1149 2717 Alexandrina,
1166 2663 1387 2703 vocetur
1401 2653 1502 2704 Ro-

478 2754 588 2798 ma,
604 2732 686 2785 vel
705 2728 1028 2805 Alexandria.
1053 2730 1137 2784 Cf.
1174 2749 1293 2803 quoe
1321 2732 1503 2784 notavi

478 2814 546 2868 ad
566 2812 730 2867 Prisc.
759 2814 881 2875 604.
907 2810 1075 2864 Porro
1108 2830 1209 2883 pro
1236 2814 1343 2863 hoec
1384 2826 1504 2863 nota

476 2892 754 2946 'vadianus
779 2890 943 2944 edidit
964 2894 1079 2942 him:
1100 2906 1220 2942 noea
1235 2929 1250 2950 ,
1266 2889 1504 2963 adeoque

481 2972 743 3026 diversam
790 2972 931 3023 hanc
984 2970 1229 3023 tellurem
1284 2971 1351 3024 ab
1397 2970 1501 3025 ins.

480 3050 720 3125 Ogyride
748 3050 871 3102 facit
886 3088 901 3111 ,
924 3068 1221 3121 perperam.

553 3150 677 3204 797.
698 3134 763 3181 Ee
778 3132 1062 3197 nudisjuga
1082 3142 1270 3179 tantum
1289 3130 1504 3180 cautibus

480 3217 695 3264 Iuor-rent.
726 3210 826 3262 Vir
866 3208 1052 3262 doctus
1094 3208 1147 3259 in
1189 3209 1317 3262 obs.
1354 3210 1504 3262 Mine.

482 3291 512 3343 I
527 3329 542 3354 ,
562 3310 611 3363 p.
644 3288 743 3360 375
772 3287 984 3359 conjicit
1011 3302 1060 3339 ee
1081 3290 1229 3338 nvidis
1238 3292 1372 3358 juga
1392 3309 1508 3339 cen-

481 3386 577 3422 tum
592 3372 809 3421 cautibus
822 3373 1049 3421 horrent:
1062 3385 1221 3438 quam
1243 3369 1508 3440 conjectu-

484 3468 596 3502 ram
653 3467 871 3520 prorsus
928 3443 1168 3519 repudio.
1225 3447 1310 3501 Sic
1366 3446 1507 3500 enim

483 3528 665 3580 abesse
704 3526 857 3581 debet
883 3546 981 3579 vox
1020 3530 1199 3578 nudis:
1224 3540 1275 3579 et
1314 3542 1504 3579 centum

484 3618 659 3661 cautes
680 3607 877 3678 exiguo
898 3606 1087 3659 insule
1114 3624 1262 3677 poene
1285 3605 1509 3659 ridicule

484 3687 857 3740 tribuerentur.
878 3684 979 3737 Pro
1000 3700 1049 3735 et
1067 3686 1202 3738 forte
1222 3686 1324 3756 leg.
1347 3701 1412 3738 at.
1448 3686 1503 3740 S.

558 3768 676 3819 800.
702 3770 874 3814 Icarus
895 3767 1031 3817 aerio
1055 3768 1305 3833 consurgit
1326 3768 1510 3816 vertice

488 3848 537 3897 n'n
572 3864 739 3897 aeems.
780 3843 1018 3897 Fir-mant
1053 3863 1242 3897 nomen
1280 3843 1506 3917 Stepha-

488 3942 611 3988 nus,
632 3924 943 3996 Dionysius,
972 3926 1188 3997 ejusque
1214 3922 1327 3976 duo
1349 3926 1508 3978 inter-

488 4016 661 4078 pretes
693 4004 849 4058 Prisc.
888 4017 940 4057 et
967 4002 1148 4055 Avien.
1193 4004 1398 4055 Art-ian.
1442 4004 1510 4057 de

490 4082 686 4156 Exped.
710 4085 853 4137 Alex.
883 4082 1134 4155 MagNII
1151 4123 1167 4148 ,
1192 4102 1289 4149 205
1318 4084 1507 4136 AElian.

1598 1293 1731 1348 nist.
1779 1295 1878 1346 An.
1923 1293 2002 1346 xl
2017 1335 2032 1360 ,
2098 1312 2148 1363 9.
2208 1293 2396 1347 Strabo
2437 1306 2612 1347 tamen

1596 1392 1649 1446 p.
1683 1392 1816 1428 1110
1843 1368 2029 1444 Ῐκείριον
2055 1385 2225 1426 vocat.
2250 1371 2354 1424 Sed
2382 1372 2614 1426 teotimo-

1595 1453 1685 1505 nia
1713 1455 1870 1507 citata
1891 1455 2064 1526 legere
2085 1453 2273 1524 jubent
2294 1445 2483 1524 Ῐκοιρον.
2504 1453 2614 1505 Nec

1593 1533 1744 1586 aliter
1771 1534 1894 1605 legit
1921 1533 2240 1585 Euetathins.
2267 1532 2580 1584 Ptolemoens
2595 1571 2612 1596 ,

1594 1631 1644 1684 p.
1663 1613 1754 1666 181
1771 1611 1854 1666 ed.
1868 1597 2181 1685 novflzeipa,
2199 1609 2288 1664 sed
2315 1609 2476 1664 Palat.
2495 1603 2615 1668 122·

1593 1715 1690 1766 ρος.
1717 1691 1836 1746 Hoc
1873 1692 2091 1763 recipio.
2121 1691 2258 1743 Ptin.
2304 1690 2363 1752 1,
2390 1709 2446 1763 p.
2482 1691 2612 1760 337:

1591 1771 1714 1838 (lib.
1742 1773 1916 1837 V1,c.
1945 1773 2039 1842 28)
2058 1769 2297 1823 «deserta
2338 1787 2508 1841 usque
2547 1767 2614 1821 ad

1593 1851 1820 1904 insulam
1841 1849 2082 1903 Icharam
2097 1869 2149 1903 u:
2171 1846 2450 1922 legendum
2473 1847 2618 1901 vide·

1591 1941 1680 1984 tur
1724 1937 1937 1983 Icarum.
1969 1927 2426 1984 Scun.—Schrad.
2479 1929 2617 1981 forte

1595 2010 1876 2084 legendum
1939 2020 2092 2084 putat
2146 2023 2439 2080 consurgat,
2488 2009 2614 2082 quia

1593 2091 1810 2164 Dionys.
1837 2093 2124 2162 εἶσαφίκοιο.

1663 2174 1793 2225 801.
1823 2177 1997 2221 Icarus
2028 2165 2274 2238 igm‘eomo
2312 2171 2414 2219 Soli
2447 2187 2616 2220 saera.

1593 2251 1888 2305 Difficultas
1947 2249 2189 2323 quedam
2251 2249 2378 2300 hinc
2429 2247 2618 2310 oritur,

1591 2335 1738 2409 quod
1756 2335 1987 2389 Avienus
2009 2335 2117 2389 Soli
2138 2352 2340 2387 sacram
2363 2331 2488 2386 facit
2508 2333 2615 2385 Ica-

1593 2434 1711 2467 rum
1735 2453 1750 2479 ,
1787 2434 1952 2488 quum
1999 2414 2282 2486 Dionysius
2316 2416 2613 2486 ταυρόπολον

1592 2498 1693 2550 θεόν
1714 2507 1970 2547 memoret
1983 2535 2000 2561 ‚
2023 2506 2075 2546 et
2093 2494 2165 2545 sic
2189 2492 2398 2545 dicatur
2417 2494 2583 2547 Diana
2601 2532 2617 2557 ,

1593 2574 1820 2646 (Spanh.
1863 2572 1932 2627 ad
1961 2573 2092 2627 Call.
2132 2593 2184 2645 p.
2217 2590 2354 2653 ²973
2381 2572 2613 2645 Inter-pr.

1592 2653 1658 2708 ad
1679 2656 1791 2707 Liv.
1812 2654 1882 2721 V,
1893 2656 1995 2707 808
2010 2692 2025 2718 ,
2045 2652 2262 2726 [XLIV‚
2284 2652 2374 2725 44]
2391 2670 2406 2718 ;
2426 2652 2612 2705 Burm.

1592 2734 1658 2787 ad
1678 2733 1840 2788 ovid.
1861 2734 1988 2787 Met.
2005 2732 2131 2799 XV,
2158 2732 2218 2785 51
2233 2734 2311 2803 1);
2335 2734 2512 2786 Diana
2537 2734 2617 2785 iti·
2640 2724 2646 2753 ¹

1593 2814 1717 2867 dem
1758 2815 2016 2885 templum
2051 2813 2108 2865 in
2143 2813 2297 2865 Icaro
2322 2812 2482 2866 fuisse
2510 2824 2615 2867 tra·

1593 2892 1686 2947 dat
1709 2893 1904 2946 AElian.
1929 2892 2064 2945 Hist.
2086 2894 2186 2945 An.
2209 2894 2286 2945 XI
2305 2897 2400 2961 ,'9‚
2441 2912 2616 2963 neque

1593 2972 1746 3025 aliter
1809 2970 2117 3043 Dionysium
2186 2972 2388 3043 ceperit
2448 2972 2614 3025 Prisc.

1595 3070 1640 3104 v.
1666 3051 1800 3104 608:
1822 3077 1845 3095 ··
1861 3051 2043 3104 Insula
2064 3069 2180 3121 quae
2202 3052 2372 3103 fertur
2390 3050 2614 3103 nimium

1594 3132 1803 3202 placare
1849 3130 2069 3182 Dianam
2093 3155 2133 3181 ο.
2185 3128 2388 3181 Avieno
2436 3143 2615 3182 tamen

1597 3212 1735 3264 favet
1761 3210 1975 3277 Strabo,
1993 3210 2120 3261 xv1
2142 3246 2156 3269 ‚
2179 3228 2232 3279 p.
2259 3226 2317 3261 11
2332 3226 2420 3273 ιο,
2439 3209 2496 3261 Β.
2525 3210 2617 3261 ubi

1595 3290 1753 3352 dicit,
1779 3290 1832 3342 in
1859 3290 2029 3341 insula
2057 3288 2209 3343 Icaro
2231 3307 2342 3340 esse
2362 3288 2616 3359 templum

1597 3368 1856 3443 Apollini·
1872 3379 2112 3421 sanctum
2132 3380 2182 3419 ct
2202 3367 2472 3419 oraculum
2483 3368 2620 3419 Tau·

1591 3448 1794 3523 ropoli3
1813 3447 1974 3500 modo
1996 3447 2104 3500 illic
2124 3464 2248 3498 sana
2267 3445 2439 3499 lectio.
2461 3444 2617 3499 Conf.

1596 3529 1686 3582 lib.
1711 3526 1859 3593 XIV,
1878 3546 1934 3599 p.
1957 3528 2086 3596 946,
2107 3526 2170 3579 C.
2195 3524 2616 3579 Suum—Confi

1596 3626 1714 3683 quoe
1755 3607 2054 3660 notavimus
2096 3604 2164 3659 ad
2207 3604 2367 3659 Prisc.
2389 3624 2465 3658 vs.
2493 3606 2616 3673 607.

1596 3688 1693 3743 W.
1714 3719 1784 3728 —-
1804 3690 2058 3757 lgm'como
2077 3690 2180 3739 Soli
2197 3708 2214 3737 .·
2240 3684 2377 3737 infra
2403 3704 2454 3737 v.
2486 3685 2619 3738 1088

1580 3769 1934 3839 flammicomo.

1668 3848 1784 3900 80².
1813 3850 1950 3897 Turis
1980 3848 2050 3896 ibt
2076 3866 2276 3915 semper.
2300 3846 2396 3899 111³
2434 3844 2620 3897 confer

1596 3928 1771 3979 locum
1791 3921 2108 3979 Honcarm.
2131 3924 2233 3986 IV,
2259 3946 2280 3979 1
2297 3945 2339 3991 ι,
2362 3922 2620 3979 11:··Sor·

1595 4004 1780 4058 didum
1819 4002 2043 4057 flamma
2084 4004 2350 4075 trepidant
2387 4014 2620 4055 rotantes

1597 4084 1819 4137 vortice
1844 4085 2050 4137 fumum
2064 4110 2103 4133 ι.
2121 4079 2220 4136 W.
