2996 4685
693 382 1306 451 DESCRIPTIO
1369 385 1672 453 ORBIS
1734 387 2105 456 TERRAE.

2324 386 2461 461 365

435 502 802 597 Invisitque
846 503 1372 573 dehinc.1smeni
1411 504 1705 587 fluminis
1740 507 2015 577 undam.
2364 534 2466 575 ηις

531 712 669 777 Has
701 723 963 777 tantum
1000 724 1228 803 gentes
1264 709 1689 779 commendat
1730 710 1906 781 fama
1940 736 2062 807 per
2091 716 2346 785 orbem.

435 816 586 888 Vile
619 816 770 887 aliae
803 818 1074 914 vulgus,
1111 844 1430 915 pecorum
1460 822 1634 904 vice,
1674 838 1859 917 terga
1893 841 2240 917 pererrant

437 926 724 1022 Cespitis
759 928 1002 1022 abjecti
1031 956 1046 997 ε
1088 955 1224 998 non
1261 929 1366 999 his
1404 945 1519 999 aut
1554 930 1765 1025 gloria
1801 932 1959 1002 forti

413 1041 634 1113 Parta
667 1062 874 1109 manu
909 1053 1041 1126 est,
1081 1054 1202 1109 aut
1239 1038 1417 1109 clara
1457 1039 1661 1111 decus
1697 1066 2013 1136 peperere
2048 1044 2314 1117 metalla

435 1151 798 1217 Terrarum
841 1150 1076 1219 venis:
1115 1150 1424 1219 habitant
1455 1152 1688 1245 ignota
1723 1150 2022 1222 locorum
2368 1180 2471 1233 ιε.»

433 1262 712 1352 Semper
746 1260 1122 1356 inexpertes
1163 1257 1395 1349 famae,
1437 1287 1555 1356 per
1599 1261 1939 1358 inhospita
1982 1264 2237 1359 degunt
2274 1312 2294 1331 .

432 1377 612 1443 Arva
645 1370 917 1466 procul,
957 1369 1158 1439 nullis
1193 1386 1352 1439 sunt
1383 1370 1603 1463 dignae
1637 1369 1925 1467 denique
1958 1376 2193 1444 Musis.
2246 1428 2257 1441 .

319 1589 435 1657 fine
459 1590 725 1639 columnas.
752 1587 832 1640 De
869 1584 1132 1638 columnis
1165 1584 1358 1637 Bacchi

329 1668 443 1736 jam
469 1683 630 1736 supra
667 1684 719 1718 v·
759 1667 861 1730 8²4
907 1684 1016 1737 seq.
1063 1664 1184 1736 egit.
1220 1663 1354 1717 Plin.

335 1744 428 1796 lib.
450 1746 554 1810 VI,
577 1762 690 1815 cap.
717 1748 809 1799 16:
843 1770 864 1792 ι
885 1746 952 1798 In
969 1743 1356 1816 Sogdianorum

337 1822 534 1875 ultimis
555 1824 753 1877 finibus
769 1822 1087 1877 Alexandria
1111 1824 1180 1875 ab
1201 1822 1355 1876 Alex-

336 1900 506 1955 andro
533 1903 609 1954 Μ.
639 1902 866 1955 condita.
901 1904 1018 1955 Arae
1041 1903 1116 1955 ibi
1147 1914 1270 1956 sunt
1287 1902 1357 1954 ab

339 1980 566 2033 Hercule
579 1999 642 2033 ac
654 1981 852 2035 Libero
870 1982 1024 2035 Patre
1042 1980 1360 2046 constitute,

337 2059 464 2112 item
495 2060 640 2133 Cyro
659 2098 676 2124 ‚
698 2072 748 2113 et
760 2059 1106 2114 Semiramide
1128 2072 1180 2113 et
1206 2061 1357 2113 Alex·

336 2138 507 2192 andro
527 2166 568 2193 n.
588 2139 667 2194 Ad
697 2160 818 2194 eum
843 2141 1020 2195 locum
1047 2139 1354 2194 Harduinus

336 2218 524 2271 Avieni
547 2220 906 2273 testimouium
939 2220 1076 2273 citat.
1114 2220 1358 2273 Meminit

334 2298 496 2352 etiam
514 2299 760 2372 Apollod.
777 2300 1025 2355 Biblioth.
1044 2300 1144 2368 111,
1155 2318 1271 2374 cap.
1297 2298 1351 2366 5,

340 2399 367 2431 2
387 2396 402 2431 τ
427 2381 623 2432 Διιλθὼν
643 2377 698 2432 δὲ
716 2383 908 2453 Θρᾴκην
921 2421 935 2444 ,
956 2381 1040 2434 καὶ
1062 2383 1147 2439 τὴν
1167 2375 1350 2438 Mucia

336 2459 558 2524 ἅπασαν,
585 2460 760 2520 σπίλοις
791 2463 889 2513 ἐκεῖ
921 2463 1120 2524 στήσας,
1142 2455 1254 2530 ᾗκεν
1289 2461 1351 2519 εἰς

336 2535 526 2597 efflet<-
545 2556 868 2610 quamquam
884 2540 942 2591 in
969 2540 1050 2592 his
1069 2540 1230 2592 verba
1252 2559 1314 2592 ea
1334 2575 1350 2600 ,

337 2633 456 2687 qua
516 2615 722 2670 Indiam
774 2630 1013 2689 spectant
1028 2659 1044 2684 ,
1093 2619 1356 2690 glossema

338 2711 452 2748 esse
465 2733 480 2758 ,
501 2713 532 2746 e
553 2695 788 2766 margine
803 2695 1011 2750 illatum
1023 2734 1040 2760 ,
1062 2696 1356 2769 suspicatur

337 2772 579 2847 Heynius
593 2774 662 2825 V.
682 2774 744 2826 C.
765 2776 864 2827 W.

413 2871 436 2906 1
445 2852 564 2905 385.
584 2856 825 2922 lavis-ique
838 2873 936 2925 pro
947 2853 1355 2921 Invise'equeven.

337 2931 618 2986 mendose:
643 2935 800 2984 undas
822 2933 1047 2985 habebat
1072 2931 1186 2985 Ort.

413 3011 562 3082 1387.
602 3015 706 3064 Vile
743 3015 862 3064 alia·
897 3017 1092 3081 vulgus.
1139 3011 1352 3085 Signifi-

337 3101 516 3142 canter
531 3093 634 3142 vile
655 3095 835 3159 vulgus
859 3090 1089 3162 adpellat
1117 3091 1353 3146 multitu·

338 3167 518 3220 dinem
535 3169 812 3221 hominum
824 3210 839 3234 ,
861 3170 952 3241 qui
977 3169 1174 3223 nullius
1190 3171 1354 3224 animi

340 3257 390 3297 et
433 3247 618 3316 pretii,
651 3259 702 3299 et
745 3248 892 3301 nullo
934 3248 1233 3302 discrimine
1268 3250 1354 3303 vel

337 3325 476 3388 loci,
497 3326 582 3378 vel
610 3327 763 3389 vito,
791 3325 876 3378 vel
911 3327 1099 3393 studii,
1127 3329 1356 3381 incultas

338 3403 504 3457 testas
563 3419 861 3477 pererrant,
905 3405 1354 3479 quemadmodum

339 3490 512 3554 vedgus
522 3489 677 3546 iners,
695 3491 878 3554 vulgus
897 3489 1046 3536 inane
1061 3485 1128 3538 de
1147 3487 1356 3540 umbra-

338 3583 456 3616 rum
469 3563 608 3635 apud
619 3563 816 3618 inferos
825 3565 1191 3618 innumerabili
1201 3567 1356 3620 turba

337 3655 596 3714 usurpant
619 3657 785 3714 poetae
800 3685 816 3710 ,
842 3643 974 3697 Stat.
993 3643 1164 3697 Theb.
1185 3644 1231 3707 1,
1261 3653 1355 3714 943

337 3721 524 3775 Claud.
547 3723 612 3775 R.
627 3721 686 3775 P.
706 3723 752 3786 1,
768 3725 1114 3794 21.Respectu
1129 3723 1352 3777 aliorum

339 3793 612 3845 hominum
649 3797 826 3862 vulgus
863 3797 991 3845 iners
1029 3795 1111 3846 vel
1145 3799 1247 3846 vile
1277 3809 1356 3848 est

337 3883 700 3942 contemptum
719 3883 775 3925 et
798 3873 1010 3926 imbelle
1028 3912 1045 3939 ,
1063 3871 1210 3944 quod
1229 3885 1356 3925 stre-

337 3951 458 4003 nuis
499 3949 823 4022 fortibusque
878 3951 1182 4023 opponitur.
1225 3951 1351 4004 Vid.

337 4030 464 4082 Stat.
477 4029 582 4082 Th.
601 4030 674 4095 V,
693 4048 790 4082 no
803 4071 819 4094 ,
839 4044 891 4083 et
913 4031 1066 4084 Maro
1082 4069 1100 4090 .,
1117 4031 1354 4090 mmxl,

341 4109 438 4178 37²
459 4127 472 4160 ε
503 4137 526 4155 u
549 4107 660 4161 Nos
685 4108 872 4162 anime
893 4109 1052 4178 viles,
1079 4109 1352 4164 inhumata

1445 1580 1728 1655 infletaque
1762 1586 1915 1637 turba
1930 1624 1946 1650 ‚
1974 1597 2075 1639 etc.
2102 1610 2125 1632 ι·
2150 1586 2246 1641 W.
2270 1618 2340 1629 --
2361 1594 2467 1641 Vile

1445 1664 1565 1714 alioe
1609 1664 1818 1730 vulgus,
1862 1662 1938 1716 sic
1973 1682 2157 1718 omnes
2192 1664 2465 1722 editiones.

1444 1744 1585 1792 Mille
1630 1744 1745 1791 alioe
1794 1745 1945 1810 vulgo
1996 1742 2118 1796 cod.
2165 1745 2333 1797 Ortel.
2375 1747 2467 1798 Li-

1444 1810 1651 1871 brarflas
1676 1818 1780 1870 hoc
1806 1820 2011 1873 finxisse
2045 1840 2107 1875 ex
2145 1823 2260 1875 aliis
2289 1824 2467 1878 Nostri

1443 1897 1574 1952 locis
1608 1897 1837 1965 videtur,
1880 1911 1939 1952 ut
1982 1919 2035 1954 v.
2074 1902 2212 1959 315:
2258 1929 2281 1951 ι
2305 1903 2467 1956 Innu-

1443 1994 1605 2029 merae
1632 1988 1808 2049 gentes
1822 2016 1837 2040 ‚
1866 1979 2189 2050 populorum
2222 1984 2465 2037 examina

1445 2055 1591 2107 mille
1643 2059 1786 2111 Arva
1834 2068 2085 2124 tenent-3
2129 2072 2181 2112 et
2223 2078 2272 2114 v.
2327 2062 2464 2127 845:

1447 2158 1470 2180 ι
1485 2134 1632 2187 Mille
1657 2134 1851 2191 dehinc
1877 2157 2062 2192 amnes
2081 2158 2220 2193 unus
2240 2142 2407 2194 vomit
2424 2168 2465 2196 a.

1519 2214 1673 2267 1388.
1704 2218 1899 2283 Caspias
1924 2221 2132 2286 abjecti,
2147 2219 2467 2291 interpretor

1442 2302 1594 2346 terrie
1628 2294 1841 2362 sterilis,
1872 2307 2209 2370 contemptae,
2243 2300 2311 2353 ab
2351 2300 2467 2354 aliis

1441 2371 1687 2440 gentibus
1720 2387 1907 2446 spreto
1938 2388 1990 2429 et
2025 2376 2313 2446 derelicta,
2336 2398 2468 2452 quo-

1441 2449 1609 2504 modo
1650 2462 1703 2504 et
1735 2455 1925 2506 Noster
1960 2456 2019 2508 in
2043 2457 2140 2512 Or.
2166 2458 2298 2511 Mar.
2331 2463 2465 2524 446:

1448 2553 1471 2575 ι
1497 2527 1619 2583 litus
1645 2530 1735 2585 hic
1772 2553 1984 2587 rursum
2026 2547 2199 2608 patet,
2218 2538 2465 2592 vacuum

1442 2607 1739 2662 incolarum
1780 2629 1925 2666 nunc
1964 2625 2017 2666 et
2058 2616 2249 2689 abjecti
2286 2619 2387 2670 soli
2415 2645 2464 2672 ι.

1442 2685 1531 2740 Sic
1568 2691 1783 2756 abjectu
1822 2696 2161 2762 neglectasque
2194 2699 2470 2769 conjungi·

1442 2777 1533 2816 tur
1570 2765 1711 2836 apud
1751 2768 1921 2822 Cicer.
1962 2768 2031 2822 de
2064 2772 2182 2825 Fin.
2218 2773 2325 2837 111,
2365 2794 2467 2828 20:

1456 2843 1717 2898 «Minime
1760 2859 1935 2900 nutem
1980 2851 2263 2915 convenit,
2298 2872 2467 2926 quum

1444 2921 1550 2994 ipsi
1563 2925 1702 2976 inter
1722 2942 1821 2978 nos
1837 2926 2031 2997 abjecti
2048 2930 2380 3004 neglectique
2400 2935 2469 2987 si-

1443 3021 1591 3070 mus,
1613 3005 1901 3074 postulare,
1930 3019 1989 3060 ut
2015 3009 2129 3062 Diis
2158 3011 2470 3066 immortali-

1441 3083 1545 3135 bus
1596 3083 1703 3136 ezri
1759 3084 1919 3138 simus
1941 3111 1987 3139 ι.
2033 3087 2124 3141 5ἱο
2166 3106 2468 3159 σοιιεειηρειιε

1444 3183 1566 3232 ager
1597 3162 1795 3216 dicitur
1820 3166 2019 3218 Nasoni
2040 3207 2056 3233 ‚
2097 3167 2237 3222 Nuc.
2287 3189 2337 3222 v.
2384 3169 2471 3238 59.

1442 3243 1708 3295 Caeterum
1732 3245 2033 3315 comparari
2058 3245 2163 3299 hoc
2192 3265 2315 3300 cum
2350 3247 2469 3300 loco

1445 3333 1693 3393 possunt,
1724 3339 1843 3393 qua
1870 3341 2031 3394 supra
2066 3323 2199 3376 dixit
2223 3345 2273 3378 v.
2301 3335 2468 3396 1147:

1445 3429 1472 3447 .-
1492 3401 1669 3472 glebas
1714 3400 1979 3454 abrodunt
2027 3420 2177 3456 more
2240 3407 2465 3460 ferarum

1444 3479 1477 3531 J
1479 3483 1663 3552 ejunus
1682 3478 1895 3532 herbo·
1909 3519 1923 3531 .
1939 3480 2038 3535 W.
2062 3511 2131 3522 --
2150 3487 2265 3534 Non
2284 3486 2357 3536 his
2377 3503 2469 3538 am

1440 3561 1607 3627 gloria
1612 3559 1745 3625 sorti
1759 3595 1775 3622 ,
1792 3569 1889 3610 etc.
1910 3559 2165 3616 Eamdem
2176 3562 2335 3634 plane
2356 3564 2464 3618 for·

1445 3654 1585 3688 mam
1596 3637 1846 3691 orationis
1854 3655 2009 3710 supra
2026 3637 2325 3696 adhibuitv.
2342 3647 2464 3717 807,

1451 3719 1604 3779 1146.
1631 3715 1731 3768 W.

1506 3813 1527 3846 1
1537 3795 1659 3864 391.
1670 3801 2113 3866 Ineaepereessamoe
2121 3821 2141 3860 ,·
2154 3799 2262 3856 vid.
2274 3821 2327 3856 v.
2343 3823 2467 3874 920,

1440 3887 1494 3927 et
1513 3874 1654 3928 cons.
1677 3892 1725 3928 ν.
1754 3880 1905 3937 1140.
1932 3877 2031 3931 W.

1518 3954 1670 4021 139².
1712 3957 1871 4006 Nullis
1908 3972 2022 4007 sum
2060 3961 2225 4027 01:232:oe
2258 3966 2467 4032 denique

1441 4036 1630 4093 Musis,-
1649 4044 1707 4085 ut
1733 4051 1784 4086 v.
1815 4035 1915 4101 804
1937 4053 1951 4087 :
1980 4061 2003 4084 ι
2028 4036 2111 4090 11ae
2138 4039 2235 4092 tibi
2262 4054 2463 4094 tantum

1441 4110 1690 4166 Carmine
1707 4124 1831 4166 sunt
1854 4113 2027 4186 digno
2054 4141 2097 4168 ι.
2124 4118 2227 4174 W.
