2996 4685
760 426 1153 495 ARATEA
1205 426 1891 499 PHAENOMENA.
2244 432 2373 529 577

361 554 685 644 Respuat‚
712 550 1009 617 incautas
1043 544 1406 641 percellent
1446 547 1658 617 flabra
1691 553 1968 620 carinas.

360 661 525 747 Vix,
550 659 606 729 si
638 682 782 728 sera
808 660 1039 727 Jovem
1072 657 1301 726 subeat
1340 657 1677 727 miseratio
1715 682 1974 746 rerum,

361 770 563 864 Pigra
598 766 774 837 salus
810 767 1029 836 nautis
1064 765 1289 835 redeat
1323 766 1740 836 fluitantibus
1773 766 1926 841 alto.

364 877 633 949 Certior
662 890 765 945 ast
802 875 952 945 ollis
974 877 1195 945 veniet
1226 900 1375 971 spes
1392 930 1413 965 ‚
1442 901 1563 945 axe
1598 900 1906 972 supremo
2310 909 2384 961 ομ

366 988 438 1060 Si
474 990 699 1057 Boreae
732 987 1015 1083 stringat
1048 984 1232 1055 rutili
1268 1010 1458 1055 coma
1492 984 1776 1081 fulguris
1810 1013 2022 1058 auras.

365 1098 488 1167 His
518 1098 725 1192 signis
756 1097 988 1167 Austri
1021 1096 1385 1192 raptabunt
1417 1094 1627 1165 flabra
1662 1094 2015 1184 fluentum,

364 1210 601 1291 Donec
645 1206 727 1275 de
768 1210 992 1276 Borae
1033 1204 1310 1275 rutilum
1340 1205 1542 1299 jubar
1583 1207 1821 1275 emicet
1859 1230 1999 1277 axe.

367 1322 462 1388 At
488 1318 545 1387 si
578 1319 989 1387 Centaurum
1026 1316 1246 1385 medio
1286 1315 1409 1385 sub
1446 1316 1713 1387 tramite
1738 1314 1877 1385 caeli

367 1428 669 1515 Videris,
700 1441 775 1496 ut
810 1426 1019 1495 fluctu
1058 1441 1319 1496 tantum
1347 1426 1644 1497 discedat
1675 1428 1819 1496 Eoo
1836 1480 1856 1513 ,
2313 1452 2388 1502 ⁸7⁵

368 1540 715 1628 Quantum
762 1536 902 1606 adit
938 1560 1245 1606 occasum
1261 1591 1282 1624 ,
1312 1536 1397 1605 sit
1430 1550 1645 1605 tectus
1680 1533 1969 1630 desuper
2001 1550 2222 1606 autem

366 1646 562 1718 Nube
596 1646 953 1717 humerum
976 1698 997 1733 ‚
1026 1658 1095 1715 et
1129 1644 1288 1715 caelo
1330 1647 1463 1715 sint
1496 1645 1720 1715 omnia
1753 1646 1938 1739 signa
1974 1646 2234 1740 priora,

369 1758 589 1825 Eurus
624 1756 785 1841 erit,
812 1768 1033 1824 verret
1064 1752 1214 1824 salsi
1256 1754 1422 1824 vada
1453 1755 1734 1851 gurgitis
1769 1756 2003 1824 Eurus

1062 1938 1606 1987 autrannus.

471 2070 976 2166 Contemplator
1014 2073 1195 2141 enim
1239 2071 1518 2167 geminae
1553 2070 1890 2143 rutilantia
1927 2076 2155 2147 formae

373 2180 677 2267 Viscera,
703 2204 851 2275 quae
881 2180 1087 2277 signis
1117 2181 1409 2251 subtexit
1439 2182 1738 2253 membra
1772 2183 2050 2257 duobus,
2316 2213 2392 2252 σε,

374 2292 547 2363 Nam
588 2314 720 2386 qua
757 2306 944 2387 parte
985 2288 1325 2362 hominem
1365 2291 1744 2389 quadrupes
1780 2293 2069 2386 sustollit
2103 2300 2349 2394 equino

370 2404 622 2472 Ventre
658 2415 1179 2498 superstantem,
1208 2417 1507 2473 versatur
1540 2405 1857 2500 Scorpius
1901 2406 2171 2504 ingens3

370 2517 461 2584 At
494 2537 625 2608 qua
660 2513 1085 2608 cornipedem
1120 2513 1339 2584 media
1365 2516 1469 2583 vir
1505 2514 1726 2584 fimdit
1752 2516 1835 2585 ab
1868 2517 2052 2603 alvo,

372 2624 597 2692 Curva
624 2623 935 2692 venenati
970 2648 1040 2692 se
1080 2625 1364 2693 tendunt
1404 2623 1675 2694 brachia
1716 2627 1905 2720 signi.

300 2764 305 2768 ·
374 2731 495 2804 Ille
538 2745 759 2801 autem
804 2732 1099 2801 dextram
1136 2732 1533 2827 protendere
1559 2735 1737 2802 visus
1772 2735 1856 2803 ad
1889 2737 2090 2804 Aram
2315 2765 2389 2804 ses

374 2839 757 2912 Caelicolum
779 2893 799 2928 ‚
823 2841 1019 2935 justae
1056 2839 1371 2936 persolvit
1408 2864 1686 2910 munera
1723 2843 1904 2925 vitae,

377 2955 859 3047 Agrestemque
896 2974 1103 3021 manu
1143 2951 1433 3046 praedam
1477 2952 1670 3046 gerit.
1717 2953 1844 3021 Hic
1888 2952 2000 3021 ubi
2038 2953 2212 3024 celso

377 3063 611 3134 Pelion
646 3063 947 3160 adsurgit
974 3063 1172 3134 dorso
1192 3115 1213 3150 ‚
1236 3086 1717 3157 nemorosaque
1755 3059 1887 3132 late

372 3175 614 3244 Inserit
641 3173 834 3242 aeriis
869 3173 1034 3270 juga
1074 3172 1365 3243 nubibus
1386 3227 1405 3254 ,
1430 3171 1680 3242 arbiter
1713 3175 1884 3268 aequi

382 3286 676 3380 Degerat
708 3281 954 3352 Alcidae
990 3282 1209 3379 legum
1247 3299 1403 3378 post
1438 3282 1608 3353 bella
1648 3283 1974 3378 magister.
2320 3314 2396 3364 ιφ

290 3500 476 3551 docuit.
516 3497 599 3550 Ita
632 3494 845 3550 Grotius
878 3493 1116 3550 restituit.
1158 3494 1299 3549 Male
1384 3497 1497 3568 ipse
1511 3493 1844 3556 Buh1.ee1·am,
1859 3512 1986 3548 sane
1994 3513 2280 3566 perperam.
2289 3498 2391 3552 Eo.

290 3578 449 3650 vulgo
470 3576 659 3650 legitur
674 3587 725 3628 et
744 3573 1079 3646 distinguitur
1098 3593 1113 3628 ε
1140 3599 1163 3622 ι
1177 3573 1300 3628 Non
1457 3575 1577 3636 884.
1599 3577 2056 3624 Cumwnenatise
2069 3577 2270 3628 tendunt
2283 3581 2394 3630 bra-

294 3659 407 3710 Arae
425 3695 441 3721 ‚
458 3674 568 3710 non
590 3654 657 3708 uit
680 3654 775 3708 tali
798 3655 899 3708 sub
924 3667 1160 3726 tempore
1182 3671 1301 3708 ver·
1387 3655 1501 3706 chia
1529 3655 1670 3720 signi.
1695 3652 1882 3724 Recepi
1907 3653 2210 3724 preclaram
2227 3655 2396 3710 Grotii

292 3748 383 3790 tex
404 3737 607 3789 Clu-ior
624 3734 761 3801 hoc;
808 3753 933 3788 nam
953 3751 1087 3806 nepe
1106 3751 1304 3788 novum
1388 3733 1766 3804 conjecturam.
1796 3731 1976 3802 Vulgo
2000 3748 2114 3784 sune
2131 3747 2339 3790 tantum.

294 3831 615 3886 praenoscere
638 3813 789 3886 signo
806 3815 923 3866 Nox
940 3813 1183 3867 docuit-n.
1461 3811 1583 3879 890·
1633 3815 1870 3878 vegerat,
1925 3811 1958 3862 i·
2011 3831 2058 3864 e.
2117 3810 2397 3869 habitarat.

364 3891 483 3945 868.
522 3897 623 3944 72·ae
640 3931 655 3952 ,
688 3896 735 3944 si
762 3911 875 3944 sm
921 3897 1087 3943 Iovem
1136 3895 1308 3943 subeat
1390 3889 1566 3960 Vulgo
1591 3893 1804 3957 Egens,
1839 3889 1986 3942 nullo
2011 3907 2184 3945 sensu.
2225 3893 2398 3950 Schol.

297 3973 541 4022 miseratio
560 3989 741 4024 nrum.
763 3970 971 4043 Vulgo:
994 3972 1155 4037 -Vix,
1172 3971 1302 4033 acis,
1390 3967 1640 4023 German.
1669 3991 1692 4014 ιι
1725 3967 1987 4024 habitasse
2031 3969 2316 4026 Chironem
2349 3975 2402 4024 in

297 4067 409 4103 nera
453 4049 637 4102 Jovem
654 4074 697 4101 ι.
748 4049 937 4103 Lectio
965 4061 1145 4121 aperte
1185 4067 1304 4102 cor-
1392 4047 1537 4100 Pelio
1575 4059 1752 4099 monte
1769 4073 1814 4100 ι.
1842 4081 1910 4089 -
1943 4057 2156 4118 Legum,
2189 4069 2263 4106 sc.
2304 4069 2404 4104 cre-

302 4139 474 4199 rupta.
1392 4125 1600 4179 lentium
1621 4161 1640 4190 ‚
1674 4143 1798 4179 nam
1827 4128 2174 4198 Asu-clogiam
2209 4129 2406 4184 Hercu-

368 4207 485 4278 879.
504 4211 861 4276 ContempIaeor
880 4209 1021 4260 enim.
1036 4207 1232 4262 Omnes
1254 4218 1309 4261 et
1394 4205 1500 4259 lem
1526 4204 1724 4261 docuit.
1755 4205 1854 4259 En.

548 4297 628 4363 V.
2030 4287 2117 4384 37
