2996 4685
518 467 661 540 630

998 470 1548 539 VARIORUM
1601 470 2185 542 AUCTORUM

616 593 842 681 Quam
882 592 1183 685 sequitur
1210 590 1486 661 nebulas
1521 617 1755 662 rorans
1781 592 2002 686 liquor
2029 591 2202 662 altus
2228 591 2515 686 Aquari,

620 706 835 772 Tanta
874 725 1077 796 supra
1120 700 1441 796 circaque,
1477 704 1705 797 vigent
1741 703 1856 771 ubi
1893 697 2211 771 flumina!
2251 700 2496 771 Mundi

619 813 710 880 At
745 811 981 881 dextra
1019 808 1315 905 laevaque
1351 812 1481 881 ciet
1523 827 1672 883 rota
1713 811 1968 907 fulgida
2003 810 2178 883 Solis
2615 840 2660 877 ιε

619 921 875 991 Mobile
916 920 1370 1015 curriculum3
1408 938 1476 993 et
1510 928 1722 994 Lunae
1758 923 2110 994 simulacra
2141 925 2472 993 feruntur.

622 1036 983 1128 Squamma
1025 1033 1148 1103 sub
1188 1047 1437 1103 aeterno
1476 1048 1838 1129 conspectu
1876 1048 2050 1103 torta
2087 1035 2416 1103 Draconis

616 1144 929 1215 Eminet:
965 1144 1149 1213 hunc
1190 1144 1369 1213 inter
1400 1143 1768 1239 fulgentem
1809 1144 2022 1213 sidera
2065 1157 2317 1238 septem

614 1258 868 1351 Magna
900 1254 1118 1349 quatit
1146 1252 1453 1324 stellans:
1481 1279 1686 1349 quam
1719 1278 1988 1325 servans
2017 1278 2202 1324 serus
2229 1253 2299 1321 in
2329 1251 2459 1322 nita

618 1363 953 1433 Conditur
986 1364 1238 1433 Oceani
1278 1365 1423 1457 ripa
1460 1388 1615 1435 cum
1652 1358 1810 1435 luce
1837 1368 2094 1435 Bootes.

516 1559 705 1621 vetius,
732 1560 994 1612 referente
1013 1558 1325 1611 Burmanno
1344 1576 1357 1610 :
1378 1560 1549 1614 «Bru-

516 1658 605 1693 ma
643 1638 805 1693 Getas
845 1638 1081 1711 glacians
1120 1638 1280 1711 jubar
1321 1639 1546 1711 exspirat

518 1719 832 1790 Capricorni
852 1744 894 1770 n.
923 1719 1022 1771 En.

592 1805 677 1862 14.
710 1804 873 1851 Tanta
905 1817 1055 1867 supra
1088 1800 1323 1867 eit-eaque
1346 1801 1541 1867 vigent.

512 1876 777 1931 Pacuvius
796 1877 941 1951 apud
971 1877 1267 1931 Varronem
1292 1875 1362 1930 de
1385 1876 1541 1949 Ling.

514 1956 633 2011 Lat.
670 1958 762 2011 lib.
807 1958 922 2009 IV:
973 1983 996 2004 ι
1020 1956 1137 2011 Hoc
1179 1957 1301 2011 vide
1340 1956 1540 2010 circum

513 2056 777 2110 supraque
792 2074 808 2101 ‚
837 2036 986 2108 quod
1011 2038 1285 2110 complexe
1308 2038 1544 2091 continet

514 2128 655 2171 terra
676 2142 718 2168 ι.
746 2117 927 2171 Heius.
946 2114 1546 2186 emendabat-emaque

515 2197 697 2268 vigent
712 2195 859 2250 hunc
870 2194 1093 2249 flumina
1105 2222 1125 2243 ι
1138 2216 1155 2261 ;
1168 2195 1335 2263 hunc,
1358 2214 1545 2269 nempe

515 2276 835 2348 Aquarium.

1711 1578 1792 1631 17.
1808 1566 2076 1629 Squamma
2098 1564 2187 1611 sub
2209 1574 2408 1613 αισι-ηο-
2422 1560 2658 1632 Scaliger

1635 1641 1748 1692 vult
1777 1644 1988 1701 Ammo,
2039 1638 2287 1695 Heinsius
2332 1642 2527 1692 alterno
2571 1640 2654 1693 vel

1634 1722 1851 1772 «etherio.
1877 1719 1983 1772 En.

1708 1800 1792 1851 18.
1822 1804 1966 1851 Hune
1989 1800 2411 1867 interfioelgeneem.
2437 1798 2564 1852 Hoc
2577 1798 2654 1851 sic

1631 1878 1941 1950 refingenda
1964 1890 2120 1931 sunt:
2157 1904 2182 1923 a
2210 1878 2367 1934 Hunc
2394 1877 2530 1931 inter
2555 1878 2659 1930 ful-

1631 1970 1812 2031 gentes
1839 1958 2031 2011 aethere
2049 1969 2250 2032 septem
2268 1952 2464 2029 Magna
2483 1957 2658 2031 quatit

1631 2036 1806 2091 stellas
1825 2064 1870 2090 n.
1909 2037 2011 2091 En.

1706 2135 1788 2169 20.
1821 2117 2054 2169 condimr
2079 2118 2282 2167 Oceani.
2305 2113 2450 2167 Olim
2479 2114 2615 2168 male
2638 2134 2650 2168 :

1638 2222 1659 2241 ·
1681 2191 1946 2249 Conditor
1975 2195 2175 2249 Oceani
2209 2195 2352 2266 ripas
2381 2213 2507 2249 cum
2533 2195 2655 2249 luce

1633 2274 1825 2328 Bootes
1861 2298 1904 2341 ι,
1932 2284 2194 2347 corrupte.
2219 2272 2322 2325 En.

650 2503 769 2573 IV.
824 2503 1343 2574 GERMANICI
1393 2505 1520 2572 DE
1568 2506 2010 2575 PLANE'I'IS
2062 2507 2176 2575 ET
2225 2505 2528 2605 SIGle

1378 2639 1778 2708 ZODIACI.

612 2873 775 2940 UNA
814 2867 919 2935 via
954 2881 1054 2936 est
1087 2865 1261 2937 Solis
1296 2867 1576 2938 bissenis
1612 2866 1832 2938 lucida
1865 2869 2104 2962 signis;

610 2982 756 3046 Hac
797 2977 1057 3070 rapitur
1090 2975 1337 3045 Phoebe
1358 3031 1377 3060 ‚
1431 3003 1551 3074 per
1579 2978 1758 3046 idem
1785 2977 2181 3072 Cythereius
2209 2977 2380 3070 ignis

608 3091 849 3158 Fertur
886 3087 1034 3172 iter,
1078 3111 1199 3182 per
1242 3087 1419 3157 idem
1461 3088 1771 3158 cristatus
1811 3089 2056 3158 vertice
2091 3091 2404 3170 Mavors,

608 3195 1123 3289 Mercuriusque
1165 3196 1362 3283 celer,
1404 3223 1610 3292 regno
1637 3196 1932 3292 caeloque
1962 3197 2290 3268 verendus

608 3307 893 3402 Jupiter,
922 3319 989 3374 et
1021 3306 1197 3375 tristi
1225 3308 1554 3377 Saturnus
1592 3307 1844 3378 lumine.
1876 3307 2125 3376 tarduS.
2619 3333 2642 3371 s

606 3415 943 3490 Omnibus
984 3415 1089 3485 his
1134 3418 1381 3510 gemini
1418 3432 1977 3511 motus,quorum
2015 3417 2184 3487 alter
2219 3417 2303 3486 ab
2339 3416 2498 3511 ipsis

608 3526 946 3610 Nascitur,
982 3539 1050 3593 et
1086 3527 1394 3621 proprios
1426 3526 1720 3597 ostendit
1755 3529 1971 3597 sidere
2003 3529 2224 3615 nisus,

609 3641 827 3733 (Tune
854 3635 1182 3706 mundum
1210 3637 1501 3707 subeunt
1528 3635 1706 3707 lento
1735 3637 1928 3734 pede)
1966 3636 2268 3708 concitus
2295 3635 2468 3706 alter

583 3861 628 3893 2.
686 3839 751 3890 ln
796 3837 935 3890 Msto
984 3835 1155 3888 Grotii
1173 3875 1189 3900 ,
1237 3835 1381 3888 unde
1427 3837 1531 3890 hoc

512 3923 865 3993 fragmentum
896 3915 1266 3989 desumptum,
1302 3915 1384 3970 bis
1421 3930 1533 3971 erat

514 4003 711 4054 Pkoebee
740 3996 941 4070 duplici
970 4017 998 4047 e
1026 4008 1286 4062 notatum,
1307 4015 1427 4068 qua
1442 4015 1534 4050 en-

506 4082 655 4153 tique
680 4089 757 4131 est
779 4079 942 4129 litem
966 4093 1147 4148 grace
1170 4095 1201 4132 η
1226 4075 1372 4148 apud
1399 4078 1534 4130 Leti·

508 4177 607 4211 nos
642 4155 925 4227 scriptura.
963 4153 1205 4206 Habebat
1234 4153 1371 4206 idem
1397 4154 1531 4208 liber

511 4241 835 4290 circumnatat
856 4251 956 4305 pro
976 4235 1309 4294 circumrorat,
1334 4245 1387 4286 et
1412 4253 1532 4290 nam

1622 3857 1722 3905 qua
1748 3855 1886 3888 anno
1911 3853 2012 3908 pro
2029 3854 2246 3904 namque
2263 3854 2416 3887 anno.
2433 3833 2641 3888 Deinde

1619 3915 2307 3988 versus,antepenultimum
2319 3913 2644 3986 procedens,

1619 3997 1693 4050 ita
1746 4007 1858 4050 erat
1907 4007 2151 4049 exaratus
2175 4014 2190 4048 :
2238 4021 2262 4042 ι
2283 3993 2398 4048 Hoc
2438 3995 2643 4067 peragit

1620 4075 1790 4148 spatio
1817 4073 2032 4128 brevior
2055 4076 2262 4130 citatior
2287 4075 2469 4128 orben.
2499 4073 2636 4128 Item

1623 4160 1905 4224 Contempta
1944 4175 2042 4226 pro
2075 4159 2337 4216 (butem,
2375 4165 2428 4207 et
2457 4160 2635 4207 Annus

1619 4253 1716 4306 pro
1744 4241 1981 4295 Annum,
2013 4247 2064 4288 et
2087 4236 2132 4288 si
2153 4251 2270 4307 quae
2294 4233 2504 4288 similis.
2533 4235 2634 4289 En.
