2996 4685
531 303 618 374 72
1067 247 1639 380 ‚EmrloNEs
1706 271 2083 354 Av'mm.

615 409 722 477 tiis
755 432 932 476 anno
971 411 1132 474 1502
1154 459 1173 494 ,
1217 412 1328 477 fol.
1366 411 1471 478 Sic
1500 413 1700 477 refert
1744 413 1888 478 Nic.
1922 413 2287 497 Antonius,
2330 413 2493 478 Bibl.
2526 429 2665 478 vet.

619 518 804 606 Hisp.
836 517 949 581 lib.
986 518 1087 598 ΙΙ,
1131 539 1270 606 oep.
1303 540 1385 605 9,
1429 541 1571 608 pag.
1615 520 1761 601 161,
1803 541 2083 607 eamque
2116 516 2467 583 editionem
2504 543 2666 583 cum

615 622 751 688 aliis
785 623 856 686 in
891 622 1284 689 bibliotheca
1317 624 1662 690 Barberina
1700 626 1923 690 Romae
1952 648 2093 691 esse
2122 626 2233 690 ait.
2278 627 2420 716 Ego
2460 649 2499 690 a
2538 649 2665 691 ne-

621 729 798 794 mine
825 729 952 796 alio
985 747 1405 800 memoratam
1426 729 1579 796 vidi.
1603 730 1707 796 Sic
1740 747 1956 797 tamen
1988 731 2301 822 perscribi
2334 733 2405 796 in
2436 732 2667 797 Indice

623 835 1032 902 Bibliothecae
1069 837 1299 902 Franc.
1341 837 1703 920 Barberini,
1733 837 2116 920 Cardinalis‚
2159 839 2291 902 vol.
2319 839 2497 927 1,.p.
2539 860 2624 926 92
2644 887 2663 914 ‚

628 941 952 1006 nuntiavit
974 941 1138 1006 mihi
1161 940 1261 1004 vir
1286 943 1366 1008 cl.
1395 941 1689 1032 mihique
1716 942 2137 1008 amicissimus
2165 941 2511 1008 Harlesius.

537 1154 675 1225 111..
699 1155 868 1221 Situs
903 1155 1065 1220 orbis
1096 1155 1378 1242 Dionysii
1397 1151 1602 1242 Rtffo
1624 1157 1864 1219 Avieno
1896 1157 2243 1242 interprete.
2279 1154 2356 1217 In
2399 1151 2527 1216 fine
2570 1152 2669 1215 le-

621 1260 799 1350 gitur
825 1281 843 1324 τ
886 1259 1235 1325 VIENNE.
1275 1259 1692 1348 Cuspinianus
1730 1281 1909 1324 nevos
1944 1273 2007 1322 et
2041 1277 2343 1322 verrucas
2372 1254 2632 1321 sustulit
2646 1279 2671 1319 .·

633 1365 730 1431 W
720 1365 1112 1453 interburger
1134 1367 1438 1452 impressit
1461 1387 1635 1428 anno
1658 1363 1871 1428 MDV
1866 1363 1985 1429 111.
2031 1365 2305 1428 Constat
2338 1360 2509 1426 foliis
2545 1365 2631 1439 24
2650 1409 2671 1442 ‚

623 1471 798 1550 in-4.
834 1471 912 1534 In
949 1471 1148 1536 altera
1177 1471 1348 1534 tituli
1392 1472 1625 1560 pagina
1667 1471 1905 1560 legitur
1943 1470 2214 1558 epistola
2256 1467 2632 1559 Cuspiniani
2652 1515 2673 1549 ,

627 1599 757 1666 qua
791 1575 1081 1642 libellum
1116 1574 1374 1640 dedicat
1406 1575 1932 1641 Revemndissimo
1972 1579 2041 1640 in
2088 1573 2335 1640 Chn’sto
2366 1574 2555 1640 Patra·
2589 1596 2676 1637 ac

631 1683 891 1750 domino
934 1682 1019 1748 D.
1059 1681 1381 1747 Stanislao
1411 1681 1813 1747 olomucensi
1836 1682 2161 1770 Episcopa
2214 1682 2295 1745 In
2346 1679 2468 1746 hac
2516 1679 2677 1768 quia

626 1787 943 1854 nonnulla
977 1803 1208 1852 notatu
1243 1785 1437 1878 digna
1483 1786 1567 1852 de
1605 1788 1884 1869 Avieno,
1938 1803 2133 1875 atque
2172 1785 2295 1850 hac
2337 1785 2507 1850 illius
2542 1785 2679 1850 edi-

623 1895 803 1960 tione
820 1942 838 1971 ,
875 1910 1228 1976 memorat,
1249 1893 1491 1982 placuit
1520 1915 1664 1958 eam
1696 1893 2011 1984 integram
2044 1889 2405 1981 adponere:

709 2033 738 2057 α
758 2002 968 2066 Rufus
1012 2001 1240 2066 Festus
1283 2001 1604 2083 Avienus,
1655 2000 1770 2088 qui
1831 1998 2237 2087 temporibus
2285 1995 2678 2062 Diocletiani

623 2108 782 2170 Caes.
815 2106 1078 2188 claruit,
1117 2121 1270 2194 post
1303 2106 1484 2170 Arati
1523 2105 1965 2170 Phaenomena
2002 2103 2369 2194 Periegesin
2408 2105 2681 2190 quoque

627 2210 928 2298 Dionysii
941 2257 962 2292 ,
993 2209 1222 2274 Punici
1258 2226 1466 2297 poetae
1480 2257 1500 2290 ,
1532 2232 1611 2274 ex
1631 2211 1810 2298 Ityca
1834 2211 2185 2299 Tyriorum
2218 2208 2472 2273 colonia
2488 2256 2508 2290 ,
2532 2208 2679 2290 vel,

629 2330 710 2381 ut
736 2314 871 2400 alii,
902 2337 982 2380 ex
1011 2317 1294 2403 Byzante
1325 2317 1483 2399 orti,
1511 2318 1646 2382 sive
1672 2317 2013 2401 Corinthii,
2042 2315 2242 2383 Suida
2276 2330 2476 2398 teste,
2508 2331 2681 2379 tam-

493 2404 498 2413 ·
632 2444 832 2509 quam
867 2420 1320 2509 Paraphrastes
1360 2422 1672 2487 latinitate
1720 2423 1988 2489 donavit
2002 2472 2019 2501 ‚
2069 2439 2148 2487 ut
2188 2421 2324 2487 caeli
2356 2436 2681 2509 terroeque

633 2526 1042 2615 superficiem
1069 2526 1446 2617 depingeret
1467 2528 1803 2613 studiosis,
1838 2529 2018 2619 quod
2046 2514 2411 2593 felicissime
2436 2526 2683 2615 praesti-

640 2633 796 2697 tisse
827 2632 1162 2716 fatebitur,
1210 2634 1502 2722 quisquis
1528 2636 1803 2703 Aratum
1830 2659 1904 2700 ac
1933 2632 2322 2723 Dionysium
2362 2632 2537 2697 Rufo
2572 2631 2681 2697 in·

641 2755 919 2827 tet-prete
938 2786 956 2822 ,
994 2738 1108 2807 sed
1139 2739 1496 2805 emaculato
1536 2742 1975 2831 castigatoque
2010 2762 2085 2805 ac
2118 2752 2542 2829 perpurgato,
2578 2737 2681 2803 le-

637 2846 904 2912 ctitabit.
923 2844 1213 2913 Adhibui
1236 2869 1498 2936 operam
1516 2896 1535 2931 ,
1559 2847 2093 2913 reverendissime
2120 2847 2385 2911 antistes
2400 2894 2419 2929 ,
2448 2860 2526 2910 ut
2546 2846 2683 2911 hoc

639 2960 722 3017 de
755 2952 886 3015 situ
913 2951 1090 3017 orbis
1125 2974 1290 3040 opus
1306 3000 1325 3033 ,
1353 2953 1484 3033 jam
1516 2952 1814 3042 pluribus
1841 2954 2027 3017 annis
2058 2975 2195 3017 non
2220 2953 2505 3017 lacerum
2536 2975 2684 3016 mo-

640 3057 747 3136 do,
790 3079 864 3121 ac
893 3057 1160 3147 sing-ulis
1186 3080 1366 3145 paene
1390 3059 1787 3125 carminibus
1810 3050 2249 3148 depravatum,
2272 3056 2387 3122 sed
2411 3056 2681 3147 integris

639 3184 906 3255 quoque
940 3162 1176 3227 chartis
1206 3163 1533 3230 inversum
1570 3164 1780 3255 (quod
1814 3186 2012 3229 nemo
2041 3166 2358 3229 hactenus
2396 3162 2685 3228 animad-

637 3266 952 3354 vertebat)
977 3283 1358 3333 emunctum
1389 3292 1464 3333 ac
1497 3270 1879 3359 castigatum
1914 3285 2034 3334 tuo
2064 3268 2352 3359 auspicio
2389 3266 2683 3358 prodiret

646 3397 714 3437 m
744 3374 958 3440 lucem
979 3421 1000 3455 ,
1055 3387 1133 3436 ut
1160 3389 1227 3439 et
1245 3390 1474 3437 auctor
1503 3374 1857 3462 Dionysius
1884 3390 1951 3441 et
1973 3374 2183 3441 Rufus
2216 3372 2682 3462 metaphrastes

645 3499 836 3565 opem
861 3492 1172 3560 nostram,
1189 3478 1786 3565 quantulacumque
1809 3477 1892 3543 sit
1913 3478 2050 3545 haec
2065 3527 2083 3561 ,
2113 3479 2398 3543 sentiret.
2428 3478 2683 3544 Adtulit

649 3580 808 3648 mihi
843 3578 926 3647 ad
963 3579 1131 3645 hanc
1174 3579 1649 3669 exsequendam
1700 3583 2027 3672 suppetias
2066 3582 2269 3648 Aldus
2310 3582 2646 3659 Manutius
2660 3632 2683 3667 ‚

649 3686 750 3749 vir
778 3684 862 3749 de
892 3701 1163 3773 utraque
1194 3686 1414 3777 lingua
1437 3688 1608 3753 bene
1640 3688 1907 3753 meritus
1927 3738 1945 3771 ,
1982 3690 2096 3778 qui
2133 3712 2239 3755 me
2274 3712 2484 3780 graeco
2517 3690 2684 3755 Dio-

653 3789 819 3879 nysii
840 3790 1219 3855 venerandae
1239 3794 1571 3859 vetustatis
1601 3794 1949 3884 exemplari
1974 3794 2239 3860 donavit
2254 3844 2272 3880 ,
2304 3818 2383 3860 ex
2414 3819 2551 3885 quo
2581 3819 2687 3860 er-

654 3909 788 3960 rata
813 3895 1092 3985 plurima
1116 3894 1370 3964 detersi.
1395 3899 1595 3981 Quod
1621 3900 1803 3965 facile
1833 3900 2168 3991 intelliges,
2182 3924 2389 3992 quum
2412 3903 2687 3969 severio·

649 4001 828 4067 ribus
859 3999 1088 4067 studiis
1115 4004 1403 4087 semotis,
1436 4007 1761 4075 succisivis
1791 4007 1971 4075 horis
2003 4023 2203 4077 terras
2230 4030 2307 4073 ac
2340 4008 2537 4079 maria
2573 4030 2687 4079 co-
