2996 4685
390 366 533 448 204

1147 365 1227 430 R.
1282 365 1353 429 F.
1410 363 1780 432 AVIENI

484 485 927 553 Infortunatae
963 484 1231 579 Sybaris
1266 484 1489 553 vicina
1527 487 1720 553 ruina
1762 498 1900 562 θεῖς

484 596 933 688 Samnitaeque
974 608 1195 664 truces
1232 595 1540 663 habitant
1580 594 1916 663 confinia:
1958 609 2112 690 post.
2149 595 2271 662 hos

392 785 589 856 Higtio.
616 783 815 836 Eodem
842 802 1055 855 quoque
1082 781 1286 836 ducunt
1318 788 1415 833 To·

390 868 557 916 nantis
585 874 637 916 et
664 867 792 914 dira.
833 861 935 918 Sed
963 862 1093 934 quid
1120 874 1196 915 est
1228 866 1416 913 excitus

402 949 594 995 Tonans
608 954 635 994 ι’
652 941 783 1014 quid
806 946 994 994 excitus
1021 959 1139 1010 post
1151 945 1375 1012 fulmina
1388 950 1417 992 ι’

393 1023 549 1076 Dicas
576 1023 839 1074 Avienum
865 1020 1106 1076 dedisse:
1138 1039 1163 1068 ὰ
1182 1023 1292 1076 Nec
1317 1023 1417 1076 mi·

394 1121 493 1154 nus
517 1102 700 1155 excisa
718 1101 820 1170 (vel
842 1105 1051 1170 exeasoe)
1073 1121 1165 1173 per
1192 1100 1419 1156 fulmina

394 1183 511 1234 dira
534 1181 793 1234 Tonantis
819 1181 1163 1234 Informnatae
1200 1181 1417 1252 Sybaris

392 1261 559 1314 vicina
598 1260 753 1314 ruina
792 1273 871 1313 est
890 1285 935 1312 ι.
954 1265 1149 1326 Sybaris
1178 1280 1301 1314 casu
1338 1281 1419 1316 se-

394 1339 575 1396 cundo
595 1377 612 1404 ,
630 1351 689 1392 ut
728 1343 831 1408 469
868 1343 1087 1406 (relinitis
1120 1344 1295 1392 rutila.
1322 1342 1417 1393 At-

396 1433 576 1474 tamen
593 1460 609 1486 ‚
627 1419 749 1492 quis
768 1420 1010 1494 Sybarim
1032 1418 1252 1473 fulmine
1273 1420 1419 1474 dele·

396 1513 502 1552 tam
562 1498 838 1552 narravit?
862 1498 1175 1571 Respondeo
1194 1541 1210 1567 ,
1241 1501 1419 1553 omnia
1456 1521 1463 1528 ·

394 1597 519 1650 quoe
558 1579 625 1632 de
664 1579 817 1633 clade
854 1579 1011 1651 hujus
1044 1591 1095 1631 et
1120 1580 1319 1633 caussis
1341 1599 1421 1634 re-

398 1659 661 1725 feruntur,
686 1658 1027 1712 incertissima
1049 1656 1233 1711 videri.
1268 1659 1423 1712 Forte

399 1739 629 1790 Avienus
666 1757 733 1790 ex
774 1738 1077 1792 auctoribus
1102 1737 1291 1790 hausit
1327 1737 1421 1791 de-

400 1815 623 1888 perditis
637 1857 652 1882 ,
670 1827 727 1868 ut
742 1829 793 1869 et
806 1817 1105 1871 Priscianus
1120 1837 1153 1870 a
1172 1817 1425 1890 Dionysio

400 1894 739 1949 dissentiens:
762 1903 1055 1970 praeponens
1076 1899 1325 1948 bominum
1348 1913 1425 1947 m-

400 1980 554 2026 mulos
570 1979 835 2028 coelescibus
850 1977 967 2027 atis.
986 1976 1425 2029 scum—Verum

401 2066 509 2119 est,
547 2056 817 2108 neminem
843 2056 1101 2109 Veterum
1150 2075 1389 2110 narrasse
1406 2093 1423 2119 ,

401 2135 637 2206 Sybarim
678 2135 899 2188 fulmine
936 2134 1159 2189 deletam
1201 2116 1346 2197 esse:
1374 2149 1427 2189 at

402 2212 711 2267 fluminibus
774 2216 1024 2268 immissis
1086 2229 1139 2268 et
1200 2215 1429 2269 inductis

404 2291 631 2345 deletam
661 2293 901 2346 nonnulli
933 2305 1248 2348 memorant.
1291 2294 1429 2348 Hinc

406 2372 563 2425 lectio
580 2376 919 2443 postflumina
942 2371 1168 2427 fundum
1196 2373 1430 2446 aliquem

404 2452 459 2503 in
486 2450 707 2503 historie
734 2450 895 2503 habet
910 2491 925 2516 ,
942 2463 993 2505 et
1014 2470 1111 2524 per
1132 2451 1431 2523 adpositum

398 2546 515 2600 pose
540 2530 603 2582 fit
627 2530 971 2602 probabilior,
990 2530 1111 2603 quia
1138 2550 1239 2603 pro
1268 2532 1429 2586 altera

406 2610 633 2663 lectione
654 2608 939 2663 dicendum
966 2622 1077 2663 erat
1091 2632 1188 2679 per
1190 2614 1433 2680 fiumina.

410 2690 582 2743 Voces
618 2691 849 2741 Tonantis
884 2704 935 2741 et
970 2692 1084 2739 dira
1120 2689 1317 2743 ducere
1349 2692 1429 2743 vi-

410 2768 604 2823 dentur
618 2767 689 2821 ad
699 2771 933 2834 fidutiam
947 2768 1133 2833 fateor5
1148 2768 1244 2823 sed
1256 2781 1433 2825 tamen

418 2851 649 2900 Tonantis
674 2868 821 2901 mera
846 2850 1210 2922 interpretatio
1232 2862 1307 2903 est
1350 2858 1432 2905 τοῦ

412 2938 521 2991 Διὸς
562 2928 833 3001 Dionysii,
870 2930 1007 2983 sicut
1043 2933 1195 2982 exciti
1232 2942 1309 2982 est
1344 2940 1429 2987 τοῦ

412 3010 741 3081 χυσαμένοιο,
762 3020 814 3061 et
834 3012 949 3060 dita
974 3010 1195 3061 omnino
1226 3012 1434 3073 flumina

413 3088 519 3142 dici
550 3099 870 3162 potuerunt,
888 3106 1007 3159 qum
1047 3087 1191 3139 urbis
1216 3088 1431 3159 vestigia

413 3168 751 3230 deleverant,
796 3178 849 3220 et
908 3166 1083 3220 multo
1152 3168 1318 3239 magis
1336 3205 1352 3232 ,
1392 3168 1435 3221 si

412 3248 607 3301 flumen
626 3245 948 3319 ’sanguinis,
979 3247 1047 3299 ab
1076 3246 1285 3300 AEliano
1326 3266 1435 3300 me-

416 3341 677 3380 moratum
698 3369 712 3391 ‚
756 3326 1098 3399 intelligatur,
1145 3324 1289 3397 quod
1351 3326 1434 3379 in-

416 3407 602 3479 primis
620 3406 765 3461 diras
782 3419 833 3460 et
852 3407 1037 3459 ultima
1054 3406 1161 3458 fata
1182 3406 1438 3477 Sybaritis

416 3486 765 3539 denuntiavit.
781 3487 921 3559 Lege
933 3498 1136 3552 cetera,
1151 3504 1267 3557 quae
1281 3503 1440 3557 super

417 3583 477 3619 ea
518 3584 577 3619 re
616 3566 671 3618 in
716 3567 951 3618 Excursu
993 3564 1063 3617 ad
1109 3563 1436 3617 Priscianum

416 3643 661 3697 diximus.
688 3643 783 3695 His
806 3642 873 3696 de
898 3643 1093 3697 caussis
1128 3642 1438 3714 ambiguum

418 3722 644 3787 videtur,
663 3740 782 3793 quae
808 3721 1131 3795 praeferenda
1158 3722 1224 3774 sit
1242 3721 1403 3774 lectio
1421 3762 1437 3787 ,

418 3821 585 3873 quum
637 3817 755 3867 post
786 3806 1007 3873 flemina
1066 3800 1438 3855 historicorum

418 3879 742 3946 testimonio,
762 3886 987 3951 flamina
1024 3880 1267 3933 codicum
1308 3880 1441 3931 anti·

416 3960 661 4033 quiorum
690 3961 998 4013 auctoritate
1030 3960 1245 4012 nitatur.
1269 3960 1441 4010 W.-

420 4040 555 4093 Ven.
600 4038 757 4093 habet
794 4045 871 4090 Ne
901 4044 1057 4091 miuus
1102 4042 1269 4090 exciti·
1309 4036 1442 4090 Inde

420 4120 582 4191 Cusp.
627 4130 676 4171 et
710 4118 846 4172 vad.
896 4122 1096 4171 eminus
1140 4121 1304 4169 exciti.
1362 4116 1441 4169 Pi-

1502 782 1673 835 thoeus
1697 788 1803 834 Nec
1827 785 2004 834 mhms.
2033 779 2327 833 Hudsonus
2355 779 2524 833 edidit

1505 866 1610 913 Nee
1627 865 1800 923 minor,
1819 861 1961 914 nulla
1981 861 2189 913 ratione
2202 900 2217 926 ,
2232 879 2392 931 quam
2415 879 2535 932 per-

1505 941 1708 1013 spicere
1752 941 1965 1012 possim.
2010 945 2234 992 Rectum
2293 951 2372 990 est
2427 944 2532 990 Nee

1504 1025 1681 1074 minus.
1705 1021 1839 1075 Nam
1865 1021 1939 1072 sie
1959 1017 2248 1092 Dionysius
2264 1058 2280 1083 ,
2299 1037 2370 1070 vs.
2393 1019 2492 1089 372
2514 1037 2529 1071 ε

1503 1092 1626 1156 Ἐστι
1643 1099 1706 1156 3⁴6
1723 1124 1799 1156 τοι
1821 1105 2025 1173 adnim-
2049 1106 2165 1150 Post
2176 1101 2396 1162 fidmina
2415 1101 2532 1149 dira

1504 1181 1704 1234 habent
1750 1182 1982 1252 antiquae
2022 1181 2160 1233 Ven.
2205 1179 2368 1251 Cusp.
2396 1176 2532 1230 Vad.

1488 1264 1712 1334 flumina
1725 1261 1956 1313 Pithoeus
1969 1259 2137 1314 edidit
2151 1269 2202 1312 et
2221 1256 2508 1310 Hudsonus
2519 1297 2535 1321 ‚

1505 1341 1742 1412 quivero
1769 1351 1822 1392 et
1849 1338 2063 1410 conjicit
2077 1340 2328 1409 fulmina,
2350 1349 2402 1390 et
2427 1337 2536 1389 Eu-

1506 1420 1758 1472 stathium
1799 1419 1928 1474 citat
1965 1417 2034 1472 ad
2059 1439 2108 1471 v.
2139 1417 2240 1488 575
2261 1434 2275 1469 :
2299 1416 2536 1486 (volebat

1511 1499 1644 1569 373)
1681 1501 1834 1571 cujus
1883 1511 2062 1552 tamen
2110 1497 2168 1549 in
2211 1496 2535 1568 expositione

1507 1579 1642 1631 nihil
1668 1579 1912 1642 invenio,
1937 1577 2083 1649 quod
2109 1577 2386 1632 lectionem
2416 1596 2534 1631 eam

1505 1661 1671 1730 juvet.
1697 1657 1878 1710 Nihilo
1902 1658 2077 1710 minus
2087 1660 2310 1726 fielmina
2333 1655 2540 1729 placuit

1509 1736 1754 1810 pluribus
1788 1737 1996 1790 Criticis
2049 1748 2102 1788 et
2149 1735 2536 1807 interpretibus.

1511 1817 1627 1888 Ego
1673 1835 1798 1890 ⁸vero
1853 1815 2132 1869 lectionem
2169 1831 2288 1884 post
2315 1817 2538 1886 flumina

1513 1915 1620 1948 non
1653 1895 2012 1970 abjiciendam
2045 1915 2158 1949 esse
2187 1895 2453 1961 existimo,
2485 1907 2539 1948 et

1513 1994 1634 2047 quas
1669 1979 1782 2050 ejus
1818 1975 2182 2048 interpretatio
2217 1993 2282 2028 ex
2321 1974 2540 2028 historia

1515 2055 1677 2126 possit
1713 2054 1910 2109 adseri-i
1926 2095 1943 2121 ,
1968 2053 2191 2108 ostendo
2215 2054 2274 2106 in
2299 2054 2538 2106 Excursu

1516 2133 1584 2186 ad
1611 2134 1774 2188 Prisc.
1799 2155 1856 2188 v.
1887 2134 1989 2189 365
2017 2154 2124 2207 seq.
2161 2166 2234 2175 --
2255 2133 2386 2187 Vid.
2411 2145 2537 2186 tom.

1517 2217 1618 2281 lv,
1636 2214 1748 2288 huj.
1766 2234 1856 2287 op.
1878 2234 1934 2287 p.
1952 2218 2052 2284 417
2079 2225 2132 2266 et
2153 2231 2298 2285 seqq.
2327 2215 2431 2267 En.

1590 2295 1708 2349 521.
1747 2297 1918 2347 Ruinae
1961 2309 2036 2345 est
2071 2293 2272 2347 babent
2314 2293 2543 2364 antiqua

1519 2376 1681 2447 Cusp.
1709 2372 1847 2427 vad.
1889 2374 2020 2428 Pith.
2056 2377 2228 2425 vicina
2277 2376 2424 2424 ruina
2472 2389 2545 2426 est

1520 2454 1726 2527 primus
1747 2450 1912 2506 edidit
1930 2450 2100 2505 Huds.
2125 2450 2204 2505 Ad
2226 2454 2546 2521 infir-ennacos

1521 2532 1660 2587 conf.
1685 2552 1740 2585 v.
1766 2534 1868 2601 986
1887 2573 1902 2598 ,
1933 2532 2027 2583 ubi
2049 2534 2197 2599 Troja
2235 2534 2542 2600 infortunata

1519 2610 1731 2667 dicitur.

1596 2692 1717 2745 522.
1751 2691 2084 2757 Samnitis-que
2123 2704 2278 2741 truces
2319 2691 2546 2741 habitant

1523 2774 1756 2843 confinia.
1796 2769 1969 2822 Falso.
1999 2770 2182 2841 Longe
2208 2768 2396 2821 remoti
2425 2781 2546 2821 sunt

1517 2872 1552 2919 ,a
1573 2849 1846 2922 Sybaritis.
1865 2848 2074 2901 Rectius
2093 2848 2309 2921 Dionys.
2327 2867 2383 2900 v.
2407 2848 2509 2919 375
2528 2868 2540 2901 :

1521 2936 1754 2991 Σαυνῖται
1771 2926 1824 2982 δ’
1843 2928 1925 2984 ἐπὶ
1943 2932 2071 2983 τοῖσι
2092 2932 2244 3001 μέσην
2257 2932 2407 2998 χθόνα
2418 2950 2548 2983 ναιε-

1523 3013 1724 3075 τάουσι,
1743 3018 1796 3061 et
1823 3006 1984 3059 Prisc.
2010 3025 2061 3057 v.
2092 3007 2228 3059 368:
2257 3008 2548 3061 -Samnites

1523 3088 1699 3142 medio
1737 3086 2103 3157 complectitur
2138 3086 2272 3140 Itala
2299 3086 2456 3139 tellus
2483 3088 2546 3139 In

1523 3168 1725 3239 gremio
1741 3193 1780 3219 ..,
1805 3166 1852 3217 A
1874 3164 2001 3218 locis
2028 3164 2168 3217 enim
2191 3165 2470 3219 maritimis
2493 3167 2546 3218 in

1527 3245 1910 3300 mediterranea
1950 3241 2262 3314 digreditur.
2307 3245 2550 3299 Samnite

1523 3340 1647 3380 sunt
1675 3328 1918 3377 Samnites
1946 3324 2146 3375 caeteris
2169 3344 2184 3389 ;
2217 3322 2308 3375 sed
2338 3322 2552 3377 videtur

1527 3404 1784 3476 placuisse
1834 3420 2000 3474 greca
2069 3402 2399 3468 terminatio,
2444 3421 2552 3473 qua

1527 3497 1708 3538 tamen
1731 3484 1997 3536 rarissime
2023 3483 2190 3534 utitur
2210 3502 2224 3547 3
2245 3481 2315 3535 cf.
2345 3502 2396 3534 v.
2427 3482 2549 3535 3²2.

1527 3560 1900 3618 Scnn.-Mihi
1915 3560 2125 3613 videtur
2142 3561 2376 3616 Avienus
2391 3562 2553 3615 verbo

1529 3646 1746 3714 confinia
1804 3640 2097 3710 intelligere
2158 3652 2352 3695 terram
2371 3682 2386 3705 ‚
2433 3659 2551 3712 qua:

1529 3720 1760 3793 plurium
1783 3718 2136 3791 adjacentium
2159 3719 2290 3771 fines
2317 3737 2552 3771 commn-

1528 3820 1622 3855 nes
1667 3800 1856 3863 babet‚
1898 3798 1952 3852 h.
2001 3819 2045 3851 e.
2095 3798 2551 3852 mediterraneam.

1529 3882 1652 3947 Quo
1695 3893 1850 3951 pacto
1901 3892 2130 3932 mentem
2183 3879 2418 3951 Dionysii
2465 3896 2551 3930 ex-

1530 3960 1730 4031 pressit.
1767 3957 1967 4011 Eodem
2013 3976 2164 4011 sensu
2203 3958 2426 4011 recurrit
2451 3957 2556 4013 hoc
2641 4005 2644 4011 .
2710 3980 2720 3989 ·

1531 4038 1752 4091 verbum
1779 4037 1946 4101 infra,
1969 4054 2015 4088 v,
2046 4038 2166 4089 552.
2191 4038 2293 4089 W.
2321 4036 2422 4091 sed
2449 4036 2555 4088 alio

1531 4135 1686 4170 seusu
1717 4134 1764 4169 v.
1791 4120 1886 4183 96,
1908 4126 1960 4169 et
1983 4115 2100 4168 aliis
2130 4115 2271 4170 locis.
