2996 4685
495 378 633 468 554
1234 384 1317 449 R.
1372 385 1440 450 F.
1498 382 1868 451 AVIENI

1376 580 1720 625 GEMINL

681 713 805 783 Illa
839 714 1107 809 quidem
1140 739 1382 810 supero
1417 729 1720 785 conserta
1757 711 2076 782 relabitur
2109 735 2265 797 axe,

589 826 806 895 Inscia
842 826 1083 919 piscosi
1118 851 1376 922 semper
1412 825 1586 897 salis.
1627 826 1844 920 Ipsius
1885 836 2106 892 autem

586 936 928 1029 Subjectos
965 938 1167 1031 capiti
1209 939 1530 1007 Geminos
1567 937 1690 1006 tibi
1732 958 2001 1005 cernere
2033 932 2130 1001 fas
2171 944 2304 1017 est,

596 1050 1015 1139 Spartanam,
1050 1048 1391 1135 Geminos,
1418 1046 1744 1133 sobolem,
1778 1044 2166 1140 prolemque
2188 1042 2510 1111 Tonantis
2535 1067 2622 1117 ³70

595 1156 945 1251 Egregiam
966 1210 986 1243 ‚
1016 1171 1083 1225 et
1117 1159 1333 1252 patrio
1368 1173 1519 1253 post
1556 1156 1814 1227 reddita
1855 1155 2134 1223 numina
2175 1151 2356 1222 caelo,

586 1268 762 1337 Nam
796 1260 1317 1337 Lacedaemoniis
1349 1272 1532 1339 Mars
1567 1292 1775 1362 quum
1815 1263 2123 1336 caluisset
2154 1258 2516 1355 Aphidnis‚

592 1380 867 1448 Castora
912 1379 1215 1472 Cecropii
1251 1376 1407 1447 tulit
1441 1376 1864 1447 inclementia
1907 1371 2086 1442 belli.

591 1490 683 1555 At
713 1484 945 1572 frater,
980 1484 1327 1582 lucemque
1361 1502 1431 1556 et
1466 1488 1600 1557 fata
1637 1469 2018 1581 superstitis
2051 1483 2171 1551 aevi

591 1596 845 1664 Exosus
860 1611 1141 1683 ‚sortem
1184 1595 1489 1692 lacrymis
1523 1596 1844 1691 efflagitat
1877 1616 2168 1688 aequam:
2535 1607 2612 1660 ³⁷⁵

590 1706 904 1775 Protinus
935 1705 1203 1775 alternae
1236 1732 1586 1801 germanos
1618 1723 1916 1798 tempore
1941 1704 2094 1773 vitae

596 1820 858 1910 Jupiter
890 1815 1183 1902 adtollit,
1210 1819 1485 1913 caelique
1518 1820 1586 1888 in
1624 1815 1796 1887 celsa
1838 1828 2184 1908 receptans

590 1930 873 1996 AEternae
912 1928 1194 2023 flagrare
1230 1930 1388 1999 facis
1418 1929 1614 2022 jubet
1645 1927 1914 2022 ignibus
1943 1924 2168 1993 ambo.

1377 2128 1741 2176 CANCER.

694 2264 857 2335 Alvo
892 2264 1153 2335 Helices
1193 2267 1451 2335 Cancer
1486 2262 1936 2344 subvolvitur;
1966 2274 2276 2354 astraque
2316 2261 2580 2329 Cancro

588 2379 765 2444 Juno
803 2374 1179 2445 novercales
1224 2390 1299 2444 ut
1342 2400 1605 2468 semper
1639 2373 1954 2469 proderet
1994 2374 2152 2454 iras,
2537 2391 2622 2431 πο

591 2484 921 2555 Praestitit.
948 2486 1077 2554 Hic
1116 2486 1396 2573 etenim,
1432 2485 1692 2556 Lernaei
1717 2483 2000 2579 gurgitis
2027 2479 2326 2575 Hydram

590 2597 833 2663 Ureret
870 2593 1131 2666 Alcides
1174 2621 1381 2692 quum
1418 2596 1812 2690 flammiger,
1849 2618 2046 2664 ausus
2083 2593 2154 2660 in
2187 2592 2404 2686 ipsum

550 2755 567 2765 ,
592 2707 848 2798 Repere
876 2706 1227 2794 victorem;
1254 2732 1383 2803 qua
1423 2707 1594 2776 duro
1627 2730 1916 2777 concava
1950 2702 2148 2772 dorso
2345 2718 2356 2726 ·

588 2815 911 2909 Tegmina
946 2833 1331 2906 curvantur,
1375 2819 1680 2914 geminus
1714 2819 1917 2888 micat
1953 2813 2152 2884 ardor
2187 2815 2256 2880 in
2292 2833 2514 2882 auras:

587 2929 727 2995 Hos
765 2925 987 2995 dixere
1012 2928 1249 2998 Asinos
1294 2943 1475 2998 ortos
1498 2926 1942 3022 Thesprotide
1975 2939 2184 3008 terra,
2537 2947 2612 2985 ³⁸⁵

590 3037 678 3103 Et
718 3033 927 3117 sidus,
966 3038 1235 3134 Lewze,
1275 3053 1485 3108 tuum.
1529 3038 1966 3108 Disterminat
2011 3059 2124 3103 aer

590 3143 890 3214 Crassior
926 3145 1066 3216 hoS.
1104 3147 1342 3216 Itidem
1376 3147 1591 3241 qualis
1626 3145 2028 3243 praesepibus
2056 3169 2194 3214 esse

528 3296 535 3306 -
588 3257 829 3324 Forma
865 3253 1065 3342 solet,
1096 3254 1321 3350 dispar
1352 3255 1712 3327 Chelarum
1745 3255 2012 3324 flamma
2049 3268 2372 3324 coruscat.

589 3365 895 3458 Namque
923 3364 1137 3434 tribus
1170 3363 1369 3434 stellis
1400 3365 1710 3434 adoletur
1745 3364 2008 3434 dextera
2040 3367 2338 3448 Cancr03

587 3477 784 3543 Laeva
828 3472 995 3544 duas
1031 3475 1224 3570 pigro
1262 3476 1604 3545 succendit
1635 3475 1865 3544 fomite
1904 3476 2221 3543 flammas.
2537 3495 2612 3544 ³⁹⁰

563 3663 684 3730 371.
718 3668 787 3713 Ee
824 3669 991 3731 patrio
1026 3679 1143 3733 post
1180 3667 1377 3716 reddita
1418 3685 1506 3715 mc-
1595 3665 1848 3719 German.
1869 3662 1936 3717 ad
1959 3684 2010 3716 v.
2037 3663 2163 3728 ¹4⁵3
2191 3663 2385 3736 Hygin.
2407 3666 2608 3714 Astron.

492 3743 688 3796 minae
661 3745 797 3794 cato.
826 3743 1037 3814 Vulgo.
1068 3759 1117 3796 ee
1129 3746 1357 3812 proprio.
1384 3744 1506 3798 Non
1598 3744 1685 3809 11,
1717 3761 1798 3795 υ.

492 3821 646 3874 male.
1666 3822 1785 3876 386.
1809 3827 1876 3874 Ετ
1897 3825 2054 3883 σι’,άω
2093 3829 2286 3881 Lenoee,
2317 3837 2467 3874 tuum.
2493 3821 2612 3874 Pes·

560 3901 679 3971 372.
698 3905 1081 3955 Lacedaemoniis
1100 3910 1233 3956 Mars
1257 3923 1407 3971 quum
1424 3923 1508 3954 ea-
1593 3903 1724 3956 sime
1743 3902 1902 3974 vulgo
1923 3899 2263 3973 distinguitur
2288 3917 2302 3952 ε
2331 3926 2354 3946 α
2375 3901 2442 3952 Et
2469 3900 2610 3954 sidus

488 3985 653 4035 luisset
668 3981 927 4049 Apuanis.
952 3981 1094 4034 Dixit
1118 3983 1305 4038 Avien.
1322 3985 1509 4052 Aphid-
1595 3985 1784 4036 Lenze
1818 3993 1968 4036 tuum
1993 3980 2320 4034 disterminat
2345 3999 2438 4033 aer
2463 3981 2612 4034 Cras—

488 4082 580 4115 ηας
618 4063 1038 4122 Lacedoemonias,
1070 4073 1127 4114 ut
1161 4061 1510 4134 distingueret
1598 4065 1724 4116 sior.
1750 4063 1858 4116 Hos
1875 4061 2056 4115 itidem
2086 4059 2254 4132 qualis
2273 4085 2316 4111 ι.
2340 4059 2422 4112 Cf.
2447 4059 2610 4113 schol.

490 4142 557 4194 ab
596 4139 859 4214 Aphidnis
894 4141 948 4192 in
979 4141 1166 4195 Attica.
1213 4140 1296 4196 Cf.
1336 4143 1509 4198 Schol·
1598 4143 1843 4197 German.
1885 4141 1952 4195 ad
1992 4157 2064 4195 vs.
2121 4139 2254 4204 1453
2300 4139 2489 4213 Hygia.
2527 4139 2614 4200 11,
