2996 4685
803 370 1201 439 ARATEA
1252 370 1941 440 PHAENOMENA.
2291 370 2426 468 575

412 491 841 579 Formarum;
872 492 1159 586 flagrans
1190 495 1520 586 Leporem
1551 517 1684 587 qua
1724 493 1938 565 Sirius
1972 510 2204 588 urget,-

411 598 757 692 Languida
777 654 796 688 ,
822 628 948 671 nec
983 617 1167 671 certo
1204 602 1326 671 sub
1369 604 1640 671 nomine
1677 616 1920 671 cuncta
1954 596 2280 675 feruntur.

408 705 608 777 Ultra
650 712 846 781 setosi
879 737 1145 782 rursum
1178 712 1466 808 speciem
1501 712 1932 805 Capricorni,

412 818 718 890 Cardinis
757 822 1052 891 immersi
1090 847 1225 917 qua
1262 837 1421 892 sunt
1459 820 1774 891 australia
1811 822 2052 910 flabra,

410 929 490 994 In
524 930 792 999 Pistrim
828 932 1213 1001 horrificam
1254 957 1611 1003 conversus
1649 932 1903 1002 viscera
1937 935 2136 1027 piscis
2367 958 2440 996 εις

411 1038 837 1111 subvehitur.
874 1043 1155 1114 Notium
1181 1058 1376 1113 vocat
1407 1044 1614 1111 istum
1643 1043 1904 1111 Graecia
1939 1044 2210 1138 piscem.

413 1148 631 1218 Stellae
670 1151 815 1221 aliae
852 1154 1143 1241 mundo,
1179 1178 1311 1248 qua
1347 1153 1628 1248 pulcher
1656 1153 1992 1247 Aquarius
2029 1154 2262 1241 instat,

415 1260 504 1325 Et
539 1284 674 1353 qua
711 1262 982 1332 cristato
1019 1264 1367 1359 consurgit
1399 1262 1622 1333 bellua
1664 1262 1864 1333 dorso
1882 1318 1902 1347 ‚

409 1370 637 1463 Usque
668 1372 795 1441 sub
828 1374 993 1442 aerii
1030 1371 1374 1443 rutilantia
1410 1372 1628 1442 sidera
1666 1372 1910 1459 Piscis,

413 1480 586 1549 Sunt
621 1483 854 1553 mediae
883 1484 1197 1569 flammae,
1226 1481 1523 1569 steriles,
1557 1507 1638 1551 ae
1673 1480 1840 1551 lucis
1875 1506 2120 1575 egenae.
2369 1506 2445 1545 ω,

412 1594 589 1661 Nam
627 1594 871 1688 passim
910 1596 1121 1688 ignoti
1150 1595 1294 1663 vice
1320 1586 1505 1687 vulgi
1535 1606 1742 1661 semet
1775 1591 1844 1659 in
1881 1590 2155 1659 aethram

410 1702 831 1794 Protollunt3
862 1705 1161 1774 dextram
1210 1704 1325 1773 sed
1344 1718 1624 1772 *tantum
1655 1717 1933 1796 propter
1961 1700 2216 1796 Ephebi
2236 1758 2256 1791 ,

416 1812 660 1884 Pocula
703 1839 905 1908 quem
941 1815 1196 1884 Divum
1226 1814 1473 1883 mensis
1507 1828 1767 1907 gestare
1796 1810 2187 1905 loquuntur,

414 1924 635 1993 Efflua
672 1949 745 1994 se
784 1925 1033 2018 species
1077 1923 1483 2018 liquidarum
1527 1920 1749 1992 fundit
1785 1946 2110 2016 aquarum

416 2037 645 2103 Partes
683 2034 754 2103 in
794 2036 1117 2130 geminas.
1154 2037 1303 2103 Lux
1340 2033 1477 2103 illic
1514 2032 1694 2101 clara
1732 2031 1992 2101 duabus
2372 2056 2446 2094 ⁸3⁵

416 2148 537 2213 Est
570 2143 787 2214 solum
825 2143 1119 2232 facibus3
1153 2156 1289 2214 non
1327 2144 1430 2213 hae
1462 2143 1752 2237 spatiosa
1789 2166 1912 2237 per
1945 2142 2222 2211 aethram

418 2253 776 2325 Intervalla
804 2269 1065 2342 tenent,
1092 2280 1309 2350 neque
1342 2254 1571 2324 lumen
1606 2252 1858 2321 lumine
1895 2252 2066 2321 forte

409 2364 789 2456 Collidunt3
816 2369 934 2438 uni
972 2368 1344 2463 Phrygium
1378 2392 1536 2435 nam
1569 2365 1798 2434 subter
1835 2363 2189 2460 Ephebum

416 2474 624 2546 Ardet
650 2501 856 2572 apex3
886 2476 1040 2561 alii,
1069 2503 1203 2572 qua
1244 2502 1518 2547 curvam
1561 2472 1782 2545 bellua
1818 2473 2099 2545 caudam

416 2584 765 2652 Terminat
798 2587 1115 2679 insignis,
1143 2585 1277 2655 lato
1305 2587 1600 2654 vomitur
1631 2583 1868 2681 globus
1906 2587 2043 2679 igni
2071 2611 2085 2652 :
2383 2611 2456 2656 ⁸40

419 2693 699 2763 Cunctis
712 2706 965 2764 'nomen
980 2698 1173 2788 Aqua
1195 2709 1315 2762 est.
1344 2694 1571 2763 Stellae
1587 2719 1854 2790 quoque
1877 2695 2164 2789 denique
2182 2710 2457 2788 propter

422 2806 561 2872 Ora
602 2802 985 2897 Sagittigeri
1006 2856 1024 2889 ,
1049 2827 1181 2896 qua
1213 2827 1283 2871 se
1314 2804 1592 2896 vestigia
1623 2803 1840 2896 prima

422 2913 823 3009 Cornipedis
860 2913 1209 3002 simulant,
1237 2912 1855 2982 circumvolvuntur
1891 2912 2216 3008 Olympo,

422 3026 631 3114 Queis
668 3026 810 3096 face
843 3025 967 3096 sub
1012 3027 1197 3096 tenui
1234 3024 1628 3094 tenebrosus
1659 3039 1952 3093 marceat
1991 3025 2187 3120 ignis.

1314 3185 1527 3232 ΑΒΔ..

522 3317 693 3398 Ecce
720 3326 1059 3381 venenatae
1091 3335 1223 3405 qua
1253 3310 1573 3404 Scorpius
1610 3307 1874 3402 agmine
1913 3305 2140 3374 caudae
2385 3331 2462 3375 εις

331 3519 412 3553 cur
431 3505 623 3570 singula
656 3489 876 3552 membris
907 3501 1348 3569 Formarum5fla-
1438 3516 1602 3569 supra
1637 3514 1714 3548 vs.
1752 3493 1878 3548 550.
1917 3493 2072 3546 Hunc
2114 3494 2462 3566 Ganymeden

325 3601 479 3650 graus
530 3587 761 3647 Leporem
826 3599 928 3647 qua
974 3581 1125 3630 Sirius
1183 3593 1347 3646 urget,
1441 3575 1665 3650 quidam
1685 3593 1798 3628 esse
1821 3573 2026 3626 volunt.
2051 3574 2156 3626 En.

338 3663 590 3730 Languida
612 3697 627 3718 ,
687 3677 776 3708 nec
828 3673 959 3709 certo
1014 3659 1101 3709 sub
1161 3658 1355 3706 nomine
1515 3657 1611 3720 841
1625 3695 1642 3720 ,
1683 3655 1804 3717 842.
1866 3655 2054 3704 Cunctis
2092 3672 2265 3704 nomen
2313 3661 2462 3724 Aqua

332 3755 509 3790 cuncta
539 3742 792 3809 feruntur.
845 3737 985 3791 Male
1027 3736 1143 3788 haec
1190 3734 1353 3806 vulgo
1442 3752 1544 3797 esc,
1569 3745 1672 3786 etc.
1701 3731 2016 3785 Emendavit
2035 3731 2266 3786 Grotius.
2287 3737 2468 3808 Vulgo

335 3818 580 3871 distincta
613 3817 683 3870 ita
721 3817 1057 3887 legebantur:
1101 3841 1124 3862 ι
1150 3815 1350 3868 Cetera
1439 3811 1552 3868 sine
1574 3832 1728 3866 sensu
1758 3831 1772 3864 ε
1815 3838 1837 3859 ιι
1865 3811 2079 3864 Cunctis
2099 3831 2289 3866 nomen
2309 3816 2462 3888 Aqua

339 3897 613 3970 descriptis
646 3910 900 3968 aptantur
938 3896 1143 3966 singula
1186 3913 1353 3947 mem·
1440 3907 1677 3964 est,quae
1698 3891 1856 3944 stellae
1869 3890 2098 3963 denique
2126 3905 2338 3964 propter
2353 3895 2460 3947 Ora

342 3977 449 4030 bris
467 3977 811 4042 ,Formarum
838 3975 1061 4046 flagrans
1090 3975 1318 4046 leporem
1337 4012 1352 4036 ,
1444 3973 1764 4044 Sagittiferi,
1815 3991 1923 4043 quo
1951 3991 2007 4024 se
2044 3972 2257 4044 vestigia
2292 3975 2464 4043 prima

340 4076 442 4128 qua
467 4055 635 4108 Sirius
656 4066 807 4125 urget
834 4055 1112 4124 Languida
1136 4079 1176 4103 ο.
1450 4053 1766 4124 Cornipedis
1785 4053 2030 4105 simulant
2055 4079 2098 4104 n.

411 4137 528 4188 838.
584 4135 839 4204 Phrygium
888 4139 1149 4204 Ephebum.
1198 4133 1357 4187 Cozxf.
1525 4134 1643 4196 844.
1663 4136 1944 4201 Queisfacc
1969 4135 2056 4183 sub
2085 4135 2219 4182 tenui
2251 4135 2470 4183 tenebro-
