<?xml version="1.0" encoding="UTF-8"?>
<!DOCTYPE html PUBLIC "-//W3C//DTD XHTML 1.0 Transitional//EN"
    "http://www.w3.org/TR/xhtml1/DTD/xhtml1-transitional.dtd">
<html xmlns="http://www.w3.org/1999/xhtml" xml:lang="en" lang="en">
 <head>
  <title>
</title>
<meta http-equiv="Content-Type" content="text/html;charset=utf-8" />
  <meta name='ocr-system' content='tesseract 3.04.00' />
  <meta name='ocr-capabilities' content='ocr_page ocr_carea ocr_par ocr_line ocrx_word'/>
</head>
<body>
  <div class='ocr_page' id='page_1' title='image "./poetaelatinimin01unkngoog_0017.png"; bbox 0 0 2996 4685; ppageno 0'>
   <div class='ocr_carea' id='block_1_1' title="bbox 435 329 2060 402">
    <p class='ocr_par' dir='ltr' id='par_1_1' title="bbox 435 329 2060 402">
     <span class='ocr_line' id='line_1_1' title="bbox 435 329 2060 402; baseline -0.002 0"><span class='ocrx_word' id='word_1_1' title='bbox 435 333 479 402; x_wconf 84' lang='lat'><strong>8</strong></span> <span class='ocrx_word' id='word_1_2' title='bbox 927 331 1060 398; x_wconf 93' lang='lat' dir='ltr'><strong>DE</strong></span> <span class='ocrx_word' id='word_1_3' title='bbox 1119 335 1199 398; x_wconf 85' lang='lat' dir='ltr'><strong>R.</strong></span> <span class='ocrx_word' id='word_1_4' title='bbox 1253 329 1576 398; x_wconf 87' lang='lat' dir='ltr'><strong>FESTO</strong></span> <span class='ocrx_word' id='word_1_5' title='bbox 1650 329 2060 400; x_wconf 84' lang='lat' dir='ltr'><strong>AVIENO.</strong></span> 
     </span>
    </p>
   </div>
   <div class='ocr_carea' id='block_1_2' title="bbox 431 459 2589 2877">
    <p class='ocr_par' dir='ltr' id='par_1_2' title="bbox 431 459 2589 2877">
     <span class='ocr_line' id='line_1_2' title="bbox 431 459 2565 548; baseline -0.002 -20"><span class='ocrx_word' id='word_1_6' title='bbox 431 461 533 528; x_wconf 82' lang='lat' dir='ltr'><strong>dis</strong></span> <span class='ocrx_word' id='word_1_7' title='bbox 567 465 848 526; x_wconf 81' lang='lat' dir='ltr'><strong>futuram</strong></span> <span class='ocrx_word' id='word_1_8' title='bbox 867 509 886 543; x_wconf 92' lang='lat'><strong>,</strong></span> <span class='ocrx_word' id='word_1_9' title='bbox 921 459 1094 526; x_wconf 88' lang='lat' dir='ltr'><strong>idem</strong></span> <span class='ocrx_word' id='word_1_10' title='bbox 1127 460 1263 524; x_wconf 84' lang='lat' dir='ltr'><strong>fere</strong></span> <span class='ocrx_word' id='word_1_11' title='bbox 1294 459 1423 524; x_wconf 92' lang='lat' dir='ltr'><strong>hoc</strong></span> <span class='ocrx_word' id='word_1_12' title='bbox 1453 476 1553 524; x_wconf 86' lang='lat' dir='ltr'><strong>est</strong></span> <span class='ocrx_word' id='word_1_13' title='bbox 1570 508 1589 542; x_wconf 92' lang='lat'><strong>,</strong></span> <span class='ocrx_word' id='word_1_14' title='bbox 1620 481 1696 524; x_wconf 89' lang='lat' dir='ltr'><strong>ac</strong></span> <span class='ocrx_word' id='word_1_15' title='bbox 1728 459 1909 548; x_wconf 90' lang='lat' dir='ltr'><strong>quod</strong></span> <span class='ocrx_word' id='word_1_16' title='bbox 1946 459 2027 524; x_wconf 90' lang='lat' dir='ltr'><strong>de</strong></span> <span class='ocrx_word' id='word_1_17' title='bbox 2060 460 2347 524; x_wconf 88' lang='lat' dir='ltr'><strong>Musonii</strong></span> <span class='ocrx_word' id='word_1_18' title='bbox 2382 459 2565 524; x_wconf 80' lang='lat' dir='ltr'><strong>fonte</strong></span> 
     </span>
     <span class='ocr_line' id='line_1_3' title="bbox 433 565 2569 655; baseline -0.001 -23"><span class='ocrx_word' id='word_1_19' title='bbox 433 570 503 632; x_wconf 89' lang='lat' dir='ltr'><strong>in</strong></span> <span class='ocrx_word' id='word_1_20' title='bbox 535 568 748 655; x_wconf 79' lang='lat' dir='ltr'><strong>Gyara</strong></span> <span class='ocrx_word' id='word_1_21' title='bbox 773 567 986 630; x_wconf 88' lang='lat' dir='ltr'><strong>insula</strong></span> <span class='ocrx_word' id='word_1_22' title='bbox 1013 582 1331 648; x_wconf 82' lang='lat' dir='ltr'>narratur,</span> <span class='ocrx_word' id='word_1_23' title='bbox 1361 589 1514 630; x_wconf 90' lang='lat' dir='ltr'><strong>eum</strong></span> <span class='ocrx_word' id='word_1_24' title='bbox 1544 565 1717 632; x_wconf 90' lang='lat' dir='ltr'><strong>docti</strong></span> <span class='ocrx_word' id='word_1_25' title='bbox 1750 567 2103 630; x_wconf 85' lang='lat' dir='ltr'><strong>inventoris</strong></span> <span class='ocrx_word' id='word_1_26' title='bbox 2124 589 2345 631; x_wconf 81' lang='lat' dir='ltr'><strong>caussa</strong></span> <span class='ocrx_word' id='word_1_27' title='bbox 2367 566 2569 631; x_wconf 85' lang='lat' dir='ltr'><strong>instar</strong></span> 
     </span>
     <span class='ocr_line' id='line_1_4' title="bbox 437 671 2567 754; baseline -0.002 -16"><span class='ocrx_word' id='word_1_28' title='bbox 437 674 635 738; x_wconf 85' lang='lat' dir='ltr'><strong>fontis</strong></span> <span class='ocrx_word' id='word_1_29' title='bbox 669 671 966 738; x_wconf 74' lang='lat' dir='ltr'><strong>caballini</strong></span> <span class='ocrx_word' id='word_1_30' title='bbox 1003 671 1332 754; x_wconf 89' lang='lat' dir='ltr'><strong>habitum,</strong></span> <span class='ocrx_word' id='word_1_31' title='bbox 1364 689 1430 738; x_wconf 89' lang='lat' dir='ltr'><strong>et</strong></span> <span class='ocrx_word' id='word_1_32' title='bbox 1467 672 1823 736; x_wconf 90' lang='lat' dir='ltr'><strong>multorum</strong></span> <span class='ocrx_word' id='word_1_33' title='bbox 1859 672 2252 737; x_wconf 75' lang='lat' dir='ltr'><strong>carminibus</strong></span> <span class='ocrx_word' id='word_1_34' title='bbox 2284 671 2567 738; x_wconf 87' lang='lat' dir='ltr'><strong>celebra-</strong></span> 
     </span>
     <span class='ocr_line' id='line_1_5' title="bbox 435 774 2569 866; baseline -0.001 -23"><span class='ocrx_word' id='word_1_35' title='bbox 435 797 578 844; x_wconf 85' lang='lat' dir='ltr'><strong>tum</strong></span> <span class='ocrx_word' id='word_1_36' title='bbox 626 801 784 843; x_wconf 83' lang='lat' dir='ltr'><strong>esse.</strong></span> <span class='ocrx_word' id='word_1_37' title='bbox 833 776 1116 861; x_wconf 84' lang='lat' dir='ltr'><strong>Quando</strong></span> <span class='ocrx_word' id='word_1_38' title='bbox 1159 777 1359 866; x_wconf 84' lang='lat' dir='ltr'><strong>igitur</strong></span> <span class='ocrx_word' id='word_1_39' title='bbox 1403 777 1474 840; x_wconf 89' lang='lat' dir='ltr'><strong>in</strong></span> <span class='ocrx_word' id='word_1_40' title='bbox 1522 791 1953 842; x_wconf 88' lang='lat' dir='ltr'><strong>monumento</strong></span> <span class='ocrx_word' id='word_1_41' title='bbox 1992 774 2145 841; x_wconf 79' lang='lat' dir='ltr'><strong>Rufi</strong></span> <span class='ocrx_word' id='word_1_42' title='bbox 2186 777 2360 841; x_wconf 81' lang='lat' dir='ltr'><strong>Festi</strong></span> <span class='ocrx_word' id='word_1_43' title='bbox 2390 778 2569 866; x_wconf 82' lang='lat' dir='ltr'><strong>lego,</strong></span> 
     </span>
     <span class='ocr_line' id='line_1_6' title="bbox 435 883 2570 974; baseline -0.002 -23"><span class='ocrx_word' id='word_1_44' title='bbox 435 887 688 974; x_wconf 89' lang='lat' dir='ltr'><strong>Aquam</strong></span> <span class='ocrx_word' id='word_1_45' title='bbox 719 883 982 948; x_wconf 75' lang='lat' dir='ltr'><strong>Caesiam</strong></span> <span class='ocrx_word' id='word_1_46' title='bbox 1015 906 1052 948; x_wconf 84' lang='lat' dir='ltr'><strong>a</strong></span> <span class='ocrx_word' id='word_1_47' title='bbox 1085 883 1269 972; x_wconf 85' lang='lat' dir='ltr'><strong>prole</strong></span> <span class='ocrx_word' id='word_1_48' title='bbox 1300 883 1587 946; x_wconf 86' lang='lat' dir='ltr'><strong>Musonii</strong></span> <span class='ocrx_word' id='word_1_49' title='bbox 1626 899 1691 948; x_wconf 88' lang='lat' dir='ltr'><strong>et</strong></span> <span class='ocrx_word' id='word_1_50' title='bbox 1722 883 1949 947; x_wconf 79' lang='lat' dir='ltr'><strong>Avieni</strong></span> <span class='ocrx_word' id='word_1_51' title='bbox 1988 904 2229 946; x_wconf 88' lang='lat' dir='ltr'><strong>nomen</strong></span> <span class='ocrx_word' id='word_1_52' title='bbox 2264 883 2531 947; x_wconf 80' lang='lat' dir='ltr'><strong>traxisse</strong></span> <span class='ocrx_word' id='word_1_53' title='bbox 2550 927 2570 964; x_wconf 85' lang='lat'><strong>,</strong></span> 
     </span>
     <span class='ocr_line' id='line_1_7' title="bbox 436 986 2573 1070; baseline -0.001 -15"><span class='ocrx_word' id='word_1_54' title='bbox 436 991 506 1055; x_wconf 91' lang='lat' dir='ltr'><strong>in</strong></span> <span class='ocrx_word' id='word_1_55' title='bbox 550 1012 690 1054; x_wconf 87' lang='lat' dir='ltr'><strong>eam</strong></span> <span class='ocrx_word' id='word_1_56' title='bbox 731 989 1114 1053; x_wconf 87' lang='lat' dir='ltr'><strong>sententiam</strong></span> <span class='ocrx_word' id='word_1_57' title='bbox 1148 987 1456 1068; x_wconf 87' lang='lat' dir='ltr'><strong>adducor,</strong></span> <span class='ocrx_word' id='word_1_58' title='bbox 1484 1003 1562 1052; x_wconf 89' lang='lat' dir='ltr'><strong>ut</strong></span> <span class='ocrx_word' id='word_1_59' title='bbox 1594 987 1851 1053; x_wconf 89' lang='lat' dir='ltr'><strong>credam</strong></span> <span class='ocrx_word' id='word_1_60' title='bbox 1869 1037 1888 1070; x_wconf 91' lang='lat'><strong>,</strong></span> <span class='ocrx_word' id='word_1_61' title='bbox 1914 987 2207 1052; x_wconf 86' lang='lat' dir='ltr'><strong>eamdem</strong></span> <span class='ocrx_word' id='word_1_62' title='bbox 2238 986 2573 1052; x_wconf 80' lang='lat' dir='ltr'><strong>celebrita-</strong></span> 
     </span>
     <span class='ocr_line' id='line_1_8' title="bbox 435 1092 2573 1184; baseline -0.002 -23"><span class='ocrx_word' id='word_1_63' title='bbox 435 1112 632 1162; x_wconf 89' lang='lat' dir='ltr'><strong>tatem</strong></span> <span class='ocrx_word' id='word_1_64' title='bbox 696 1096 912 1160; x_wconf 77' lang='lat' dir='ltr'><strong>caesiae</strong></span> <span class='ocrx_word' id='word_1_65' title='bbox 962 1092 1340 1184; x_wconf 84' lang='lat' dir='ltr'><strong>significari,</strong></span> <span class='ocrx_word' id='word_1_66' title='bbox 1390 1117 1536 1182; x_wconf 78' lang='lat' dir='ltr'><strong>quae</strong></span> <span class='ocrx_word' id='word_1_67' title='bbox 1590 1095 1789 1159; x_wconf 84' lang='lat' dir='ltr'><strong>fuerit</strong></span> <span class='ocrx_word' id='word_1_68' title='bbox 1844 1094 2286 1175; x_wconf 76' lang='lat' dir='ltr'><strong>Musonianae‚</strong></span> <span class='ocrx_word' id='word_1_69' title='bbox 2338 1115 2573 1182; x_wconf 81' lang='lat' dir='ltr'>nempe</span> 
     </span>
     <span class='ocr_line' id='line_1_9' title="bbox 434 1197 2576 1286; baseline -0.002 -19"><span class='ocrx_word' id='word_1_70' title='bbox 434 1203 538 1268; x_wconf 85' lang='lat' dir='ltr'><strong>vel</strong></span> <span class='ocrx_word' id='word_1_71' title='bbox 570 1200 954 1266; x_wconf 82' lang='lat' dir='ltr'><strong>celebratam</strong></span> <span class='ocrx_word' id='word_1_72' title='bbox 987 1222 1127 1263; x_wconf 87' lang='lat' dir='ltr'><strong>esse</strong></span> <span class='ocrx_word' id='word_1_73' title='bbox 1163 1198 1558 1263; x_wconf 72' lang='lat' dir='ltr'><strong>carminibus</strong></span> <span class='ocrx_word' id='word_1_74' title='bbox 1592 1199 1817 1266; x_wconf 84' lang='lat' dir='ltr'><strong>Avieni</strong></span> <span class='ocrx_word' id='word_1_75' title='bbox 1832 1247 1851 1282; x_wconf 94' lang='lat'><strong>,</strong></span> <span class='ocrx_word' id='word_1_76' title='bbox 1877 1197 2011 1281; x_wconf 85' lang='lat' dir='ltr'><strong>vel,</strong></span> <span class='ocrx_word' id='word_1_77' title='bbox 2039 1198 2219 1286; x_wconf 92' lang='lat' dir='ltr'><strong>quod</strong></span> <span class='ocrx_word' id='word_1_78' title='bbox 2254 1199 2336 1262; x_wconf 89' lang='lat' dir='ltr'><strong>ab</strong></span> <span class='ocrx_word' id='word_1_79' title='bbox 2363 1220 2445 1262; x_wconf 89' lang='lat' dir='ltr'><strong>eo</strong></span> <span class='ocrx_word' id='word_1_80' title='bbox 2472 1219 2576 1262; x_wconf 91' lang='lat' dir='ltr'><strong>re-</strong></span> 
     </span>
     <span class='ocr_line' id='line_1_10' title="bbox 437 1307 2573 1388; baseline -0.003 -14"><span class='ocrx_word' id='word_1_81' title='bbox 437 1331 591 1374; x_wconf 89' lang='lat' dir='ltr'><strong>cens</strong></span> <span class='ocrx_word' id='word_1_82' title='bbox 637 1307 914 1373; x_wconf 82' lang='lat' dir='ltr'><strong>deducta</strong></span> <span class='ocrx_word' id='word_1_83' title='bbox 933 1355 952 1388; x_wconf 92' lang='lat'><strong>,</strong></span> <span class='ocrx_word' id='word_1_84' title='bbox 995 1307 1248 1371; x_wconf 89' lang='lat' dir='ltr'><strong>munita</strong></span> <span class='ocrx_word' id='word_1_85' title='bbox 1291 1321 1356 1370; x_wconf 88' lang='lat' dir='ltr'><strong>et</strong></span> <span class='ocrx_word' id='word_1_86' title='bbox 1399 1321 1703 1376; x_wconf 87' lang='lat' dir='ltr'><strong>exornata</strong></span> <span class='ocrx_word' id='word_1_87' title='bbox 1752 1322 1952 1387; x_wconf 88' lang='lat' dir='ltr'><strong>esset,</strong></span> <span class='ocrx_word' id='word_1_88' title='bbox 1988 1328 2233 1370; x_wconf 86' lang='lat' dir='ltr'><strong>novum</strong></span> <span class='ocrx_word' id='word_1_89' title='bbox 2288 1327 2532 1370; x_wconf 88' lang='lat' dir='ltr'><strong>nomen</strong></span> <span class='ocrx_word' id='word_1_90' title='bbox 2554 1353 2573 1387; x_wconf 92' lang='lat'><strong>,</strong></span> 
     </span>
     <span class='ocr_line' id='line_1_11' title="bbox 437 1409 2577 1498; baseline -0.002 -20"><span class='ocrx_word' id='word_1_91' title='bbox 437 1415 507 1478; x_wconf 88' lang='lat' dir='ltr'><strong>h.</strong></span> <span class='ocrx_word' id='word_1_92' title='bbox 532 1435 588 1477; x_wconf 91' lang='lat' dir='ltr'><strong>e.</strong></span> <span class='ocrx_word' id='word_1_93' title='bbox 615 1435 850 1478; x_wconf 84' lang='lat' dir='ltr'><strong>novam</strong></span> <span class='ocrx_word' id='word_1_94' title='bbox 877 1414 1114 1476; x_wconf 87' lang='lat' dir='ltr'><strong>famam</strong></span> <span class='ocrx_word' id='word_1_95' title='bbox 1147 1427 1213 1475; x_wconf 91' lang='lat' dir='ltr'><strong>et</strong></span> <span class='ocrx_word' id='word_1_96' title='bbox 1244 1410 1685 1476; x_wconf 80' lang='lat' dir='ltr'><strong>celebritatem</strong></span> <span class='ocrx_word' id='word_1_97' title='bbox 1710 1410 2051 1498; x_wconf 86' lang='lat' dir='ltr'><strong>accepisse.</strong></span> <span class='ocrx_word' id='word_1_98' title='bbox 2080 1409 2396 1474; x_wconf 86' lang='lat' dir='ltr'><strong>Fontibus</strong></span> <span class='ocrx_word' id='word_1_99' title='bbox 2420 1410 2577 1474; x_wconf 90' lang='lat' dir='ltr'><strong>olim</strong></span> 
     </span>
     <span class='ocr_line' id='line_1_12' title="bbox 437 1515 2583 1609; baseline -0.002 -25"><span class='ocrx_word' id='word_1_100' title='bbox 437 1520 852 1586; x_wconf 81' lang='lat' dir='ltr'><strong>consuevisse</strong></span> <span class='ocrx_word' id='word_1_101' title='bbox 881 1519 1166 1583; x_wconf 88' lang='lat' dir='ltr'><strong>carmina</strong></span> <span class='ocrx_word' id='word_1_102' title='bbox 1187 1517 1418 1600; x_wconf 88' lang='lat' dir='ltr'><strong>dicari,</strong></span> <span class='ocrx_word' id='word_1_103' title='bbox 1437 1535 1503 1582; x_wconf 91' lang='lat' dir='ltr'><strong>et</strong></span> <span class='ocrx_word' id='word_1_104' title='bbox 1523 1517 1877 1609; x_wconf 87' lang='lat' dir='ltr'><strong>parietibus</strong></span> <span class='ocrx_word' id='word_1_105' title='bbox 1906 1515 2060 1581; x_wconf 77' lang='lat' dir='ltr'><strong>aedis</strong></span> <span class='ocrx_word' id='word_1_106' title='bbox 2088 1515 2312 1605; x_wconf 84' lang='lat' dir='ltr'><strong>adfigi,</strong></span> <span class='ocrx_word' id='word_1_107' title='bbox 2338 1517 2583 1582; x_wconf 88' lang='lat' dir='ltr'><strong>notavi-</strong></span> 
     </span>
     <span class='ocr_line' id='line_1_13' title="bbox 437 1622 2581 1713; baseline -0.001 -23"><span class='ocrx_word' id='word_1_108' title='bbox 437 1649 585 1694; x_wconf 91' lang='lat' dir='ltr'><strong>mus</strong></span> <span class='ocrx_word' id='word_1_109' title='bbox 632 1648 828 1713; x_wconf 91' lang='lat' dir='ltr'><strong>supra</strong></span> <span class='ocrx_word' id='word_1_110' title='bbox 875 1624 961 1689; x_wconf 90' lang='lat' dir='ltr'><strong>ad</strong></span> <span class='ocrx_word' id='word_1_111' title='bbox 1010 1624 1237 1689; x_wconf 83' lang='lat' dir='ltr'><strong>Rutilii</strong></span> <span class='ocrx_word' id='word_1_112' title='bbox 1295 1624 1585 1689; x_wconf 86' lang='lat' dir='ltr'><strong>Itinerar.</strong></span> <span class='ocrx_word' id='word_1_113' title='bbox 1617 1625 1679 1707; x_wconf 93' lang='lat' dir='ltr'><strong>I,</strong></span> <span class='ocrx_word' id='word_1_114' title='bbox 1713 1645 1874 1712; x_wconf 82' lang='lat'><strong>270,</strong></span> <span class='ocrx_word' id='word_1_115' title='bbox 1907 1638 1973 1687; x_wconf 90' lang='lat' dir='ltr'><strong>et</strong></span> <span class='ocrx_word' id='word_1_116' title='bbox 2003 1622 2287 1688; x_wconf 85' lang='lat' dir='ltr'><strong>Rutilius</strong></span> <span class='ocrx_word' id='word_1_117' title='bbox 2322 1645 2401 1686; x_wconf 91' lang='lat' dir='ltr'><strong>eo</strong></span> <span class='ocrx_word' id='word_1_118' title='bbox 2434 1624 2581 1688; x_wconf 90' lang='lat' dir='ltr'><strong>loco</strong></span> 
     </span>
     <span class='ocr_line' id='line_1_14' title="bbox 441 1728 2587 1819; baseline -0.001 -25"><span class='ocrx_word' id='word_1_119' title='bbox 441 1746 734 1813; x_wconf 87' lang='lat' dir='ltr'><strong>testatur,</strong></span> <span class='ocrx_word' id='word_1_120' title='bbox 755 1732 974 1819; x_wconf 84' lang='lat' dir='ltr'><strong>Aquas</strong></span> <span class='ocrx_word' id='word_1_121' title='bbox 990 1729 1342 1793; x_wconf 88' lang='lat' dir='ltr'><strong>Taurianas</strong></span> <span class='ocrx_word' id='word_1_122' title='bbox 1365 1729 1650 1794; x_wconf 78' lang='lat' dir='ltr'><strong>carmine</strong></span> <span class='ocrx_word' id='word_1_123' title='bbox 1668 1730 1961 1793; x_wconf 82' lang='lat' dir='ltr'><strong>Messalae</strong></span> <span class='ocrx_word' id='word_1_124' title='bbox 1980 1751 2134 1794; x_wconf 87' lang='lat' dir='ltr'><strong>cum</strong></span> <span class='ocrx_word' id='word_1_125' title='bbox 2157 1728 2385 1792; x_wconf 87' lang='lat' dir='ltr'><strong>Pieriis</strong></span> <span class='ocrx_word' id='word_1_126' title='bbox 2414 1751 2587 1794; x_wconf 89' lang='lat' dir='ltr'><strong>com-</strong></span> 
     </span>
     <span class='ocr_line' id='line_1_15' title="bbox 437 1834 2584 1927; baseline -0.001 -27"><span class='ocrx_word' id='word_1_127' title='bbox 437 1853 688 1927; x_wconf 85' lang='lat' dir='ltr'><strong>paratas</strong></span> <span class='ocrx_word' id='word_1_128' title='bbox 731 1859 902 1918; x_wconf 89' lang='lat' dir='ltr'><strong>esse,</strong></span> <span class='ocrx_word' id='word_1_129' title='bbox 940 1834 1207 1924; x_wconf 85' lang='lat' dir='ltr'><strong>perinde</strong></span> <span class='ocrx_word' id='word_1_130' title='bbox 1260 1851 1336 1900; x_wconf 87' lang='lat' dir='ltr'><strong>ut</strong></span> <span class='ocrx_word' id='word_1_131' title='bbox 1383 1859 1535 1900; x_wconf 88' lang='lat' dir='ltr'><strong>cum</strong></span> <span class='ocrx_word' id='word_1_132' title='bbox 1573 1836 1959 1901; x_wconf 86' lang='lat' dir='ltr'><strong>Musoniana</strong></span> <span class='ocrx_word' id='word_1_133' title='bbox 1993 1852 2060 1899; x_wconf 92' lang='lat' dir='ltr'><strong>et</strong></span> <span class='ocrx_word' id='word_1_134' title='bbox 2094 1834 2291 1906; x_wconf 72' lang='lat' dir='ltr'><strong>Caesia</strong></span> <span class='ocrx_word' id='word_1_135' title='bbox 2338 1836 2584 1900; x_wconf 86' lang='lat' dir='ltr'><strong>factum</strong></span> 
     </span>
     <span class='ocr_line' id='line_1_16' title="bbox 437 1939 2584 2030; baseline -0.002 -22"><span class='ocrx_word' id='word_1_136' title='bbox 437 1959 552 2008; x_wconf 87' lang='lat' dir='ltr'><strong>est.</strong></span> <span class='ocrx_word' id='word_1_137' title='bbox 590 1943 820 2030; x_wconf 86' lang='lat' dir='ltr'><strong>Neque</strong></span> <span class='ocrx_word' id='word_1_138' title='bbox 854 1941 934 2006; x_wconf 89' lang='lat' dir='ltr'><strong>de</strong></span> <span class='ocrx_word' id='word_1_139' title='bbox 960 1941 1211 2006; x_wconf 86' lang='lat' dir='ltr'><strong>Avieno</strong></span> <span class='ocrx_word' id='word_1_140' title='bbox 1239 1939 1523 2006; x_wconf 89' lang='lat' dir='ltr'><strong>dubitari</strong></span> <span class='ocrx_word' id='word_1_141' title='bbox 1552 1958 1798 2030; x_wconf 86' lang='lat' dir='ltr'><strong>potest,</strong></span> <span class='ocrx_word' id='word_1_142' title='bbox 1822 1964 1973 2009; x_wconf 91' lang='lat' dir='ltr'><strong>eum</strong></span> <span class='ocrx_word' id='word_1_143' title='bbox 2001 1939 2282 2006; x_wconf 85' lang='lat' dir='ltr'><strong>subinde</strong></span> <span class='ocrx_word' id='word_1_144' title='bbox 2310 1941 2584 2011; x_wconf 80' lang='lat' dir='ltr'><strong>Caesium</strong></span> 
     </span>
     <span class='ocr_line' id='line_1_17' title="bbox 436 2046 2584 2134; baseline -0.002 -21"><span class='ocrx_word' id='word_1_145' title='bbox 436 2049 685 2113; x_wconf 83' lang='lat' dir='ltr'><strong>fontem</strong></span> <span class='ocrx_word' id='word_1_146' title='bbox 731 2049 1017 2116; x_wconf 84' lang='lat' dir='ltr'><strong>carmine</strong></span> <span class='ocrx_word' id='word_1_147' title='bbox 1056 2046 1382 2128; x_wconf 87' lang='lat' dir='ltr'><strong>laudasse,</strong></span> <span class='ocrx_word' id='word_1_148' title='bbox 1413 2069 1619 2134; x_wconf 81' lang='lat' dir='ltr'><strong>quum</strong></span> <span class='ocrx_word' id='word_1_149' title='bbox 1652 2047 1773 2110; x_wconf 81' lang='lat' dir='ltr'><strong>alla</strong></span> <span class='ocrx_word' id='word_1_150' title='bbox 1804 2048 1941 2126; x_wconf 83' lang='lat' dir='ltr'><strong>ejus</strong></span> <span class='ocrx_word' id='word_1_151' title='bbox 1974 2047 2257 2110; x_wconf 86' lang='lat' dir='ltr'><strong>carmina</strong></span> <span class='ocrx_word' id='word_1_152' title='bbox 2296 2047 2584 2127; x_wconf 90' lang='lat' dir='ltr'><strong>minora,</strong></span> 
     </span>
     <span class='ocr_line' id='line_1_18' title="bbox 440 2135 2587 2240; baseline -0.002 -22"><span class='ocrx_word' id='word_1_153' title='bbox 440 2154 614 2224; x_wconf 85' lang='lat' dir='ltr'><strong>ruris</strong></span> <span class='ocrx_word' id='word_1_154' title='bbox 652 2151 910 2215; x_wconf 88' lang='lat' dir='ltr'><strong>delicias</strong></span> <span class='ocrx_word' id='word_1_155' title='bbox 943 2153 1330 2240; x_wconf 87' lang='lat' dir='ltr'><strong>spectantia,</strong></span> <span class='ocrx_word' id='word_1_156' title='bbox 1359 2135 1442 2214; x_wconf 19' lang='lat' dir='ltr'><strong>ut*</strong></span> <span class='ocrx_word' id='word_1_157' title='bbox 1470 2149 1553 2213; x_wconf 90' lang='lat' dir='ltr'><strong>de</strong></span> <span class='ocrx_word' id='word_1_158' title='bbox 1584 2172 1739 2238; x_wconf 86' lang='lat' dir='ltr'><strong>agro</strong></span> <span class='ocrx_word' id='word_1_159' title='bbox 1773 2172 1928 2232; x_wconf 88' lang='lat' dir='ltr'><strong>suc,</strong></span> <span class='ocrx_word' id='word_1_160' title='bbox 1955 2164 2021 2215; x_wconf 87' lang='lat' dir='ltr'><strong>et</strong></span> <span class='ocrx_word' id='word_1_161' title='bbox 2052 2149 2134 2213; x_wconf 88' lang='lat' dir='ltr'><strong>de</strong></span> <span class='ocrx_word' id='word_1_162' title='bbox 2171 2151 2351 2214; x_wconf 85' lang='lat' dir='ltr'><strong>malis</strong></span> <span class='ocrx_word' id='word_1_163' title='bbox 2383 2151 2587 2214; x_wconf 87' lang='lat' dir='ltr'><strong>Puni·</strong></span> 
     </span>
     <span class='ocr_line' id='line_1_19' title="bbox 439 2251 2586 2342; baseline -0.001 -20"><span class='ocrx_word' id='word_1_164' title='bbox 439 2259 563 2338; x_wconf 86' lang='lat' dir='ltr'><strong>cis,</strong></span> <span class='ocrx_word' id='word_1_165' title='bbox 594 2257 950 2320; x_wconf 88' lang='lat' dir='ltr'><strong>etiamnum</strong></span> <span class='ocrx_word' id='word_1_166' title='bbox 986 2269 1271 2334; x_wconf 84' lang='lat' dir='ltr'><strong>exstent,</strong></span> <span class='ocrx_word' id='word_1_167' title='bbox 1299 2269 1365 2316; x_wconf 90' lang='lat' dir='ltr'><strong>et</strong></span> <span class='ocrx_word' id='word_1_168' title='bbox 1391 2254 1563 2334; x_wconf 88' lang='lat' dir='ltr'><strong>loca,</strong></span> <span class='ocrx_word' id='word_1_169' title='bbox 1593 2252 1659 2315; x_wconf 90' lang='lat' dir='ltr'><strong>in</strong></span> <span class='ocrx_word' id='word_1_170' title='bbox 1694 2251 1934 2340; x_wconf 83' lang='lat' dir='ltr'><strong>quibus</strong></span> <span class='ocrx_word' id='word_1_171' title='bbox 1961 2253 2247 2325; x_wconf 84' lang='lat' dir='ltr'><strong>Avienus</strong></span> <span class='ocrx_word' id='word_1_172' title='bbox 2264 2301 2284 2335; x_wconf 90' lang='lat'><strong>,</strong></span> <span class='ocrx_word' id='word_1_173' title='bbox 2306 2271 2420 2319; x_wconf 90' lang='lat' dir='ltr'><strong>aut</strong></span> <span class='ocrx_word' id='word_1_174' title='bbox 2444 2256 2586 2342; x_wconf 88' lang='lat' dir='ltr'><strong>ejus</strong></span> 
     </span>
     <span class='ocr_line' id='line_1_20' title="bbox 443 2358 2587 2450; baseline -0 -22"><span class='ocrx_word' id='word_1_175' title='bbox 443 2365 720 2447; x_wconf 86' lang='lat' dir='ltr'><strong>majores</strong></span> <span class='ocrx_word' id='word_1_176' title='bbox 743 2410 761 2445; x_wconf 92' lang='lat'>‚</span> <span class='ocrx_word' id='word_1_177' title='bbox 810 2358 1046 2450; x_wconf 85' lang='lat' dir='ltr'><strong>praedia</strong></span> <span class='ocrx_word' id='word_1_178' title='bbox 1092 2360 1394 2424; x_wconf 86' lang='lat' dir='ltr'><strong>habuisse</strong></span> <span class='ocrx_word' id='word_1_179' title='bbox 1435 2358 1765 2440; x_wconf 90' lang='lat' dir='ltr'><strong>videntur,</strong></span> <span class='ocrx_word' id='word_1_180' title='bbox 1819 2360 1889 2423; x_wconf 87' lang='lat' dir='ltr'><strong>in</strong></span> <span class='ocrx_word' id='word_1_181' title='bbox 1933 2360 2068 2448; x_wconf 90' lang='lat' dir='ltr'><strong>ipsa</strong></span> <span class='ocrx_word' id='word_1_182' title='bbox 2116 2360 2383 2433; x_wconf 84' lang='lat' dir='ltr'><strong>Umbria</strong></span> <span class='ocrx_word' id='word_1_183' title='bbox 2405 2411 2424 2444; x_wconf 91' lang='lat'><strong>,</strong></span> <span class='ocrx_word' id='word_1_184' title='bbox 2472 2362 2587 2427; x_wconf 88' lang='lat' dir='ltr'><strong>ubi</strong></span> 
     </span>
     <span class='ocr_line' id='line_1_21' title="bbox 441 2464 2589 2559; baseline 0.001 -26"><span class='ocrx_word' id='word_1_185' title='bbox 441 2472 632 2559; x_wconf 83' lang='lat' dir='ltr'><strong>Aqua</strong></span> <span class='ocrx_word' id='word_1_186' title='bbox 687 2468 922 2549; x_wconf 82' lang='lat' dir='ltr'><strong>Caesia,</strong></span> <span class='ocrx_word' id='word_1_187' title='bbox 967 2481 1081 2531; x_wconf 90' lang='lat' dir='ltr'><strong>aut</strong></span> <span class='ocrx_word' id='word_1_188' title='bbox 1131 2466 1188 2530; x_wconf 90' lang='lat' dir='ltr'><strong>ei</strong></span> <span class='ocrx_word' id='word_1_189' title='bbox 1235 2466 1445 2531; x_wconf 86' lang='lat' dir='ltr'><strong>vicina</strong></span> <span class='ocrx_word' id='word_1_190' title='bbox 1495 2464 1759 2530; x_wconf 88' lang='lat' dir='ltr'><strong>fuerint.</strong></span> <span class='ocrx_word' id='word_1_191' title='bbox 1820 2466 1988 2530; x_wconf 88' lang='lat' dir='ltr'><strong>Nam</strong></span> <span class='ocrx_word' id='word_1_192' title='bbox 2044 2468 2336 2549; x_wconf 86' lang='lat' dir='ltr'><strong>Ameria,</strong></span> <span class='ocrx_word' id='word_1_193' title='bbox 2385 2468 2589 2553; x_wconf 83' lang='lat' dir='ltr'><strong>hodie</strong></span> 
     </span>
     <span class='ocr_line' id='line_1_22' title="bbox 441 2566 2589 2693; baseline -0.002 -52"><span class='ocrx_word' id='word_1_194' title='bbox 441 2574 719 2655; x_wconf 87' lang='lat' dir='ltr'><strong>Amelia‚</strong></span> <span class='ocrx_word' id='word_1_195' title='bbox 743 2574 856 2638; x_wconf 88' lang='lat' dir='ltr'><strong>ubi</strong></span> <span class='ocrx_word' id='word_1_196' title='bbox 892 2574 1154 2662; x_wconf 86' lang='lat' dir='ltr'><strong>plurimi</strong></span> <span class='ocrx_word' id='word_1_197' title='bbox 1178 2570 1455 2693; x_wconf 85' lang='lat' dir='ltr'><strong>lapides,</strong></span> <span class='ocrx_word' id='word_1_198' title='bbox 1473 2572 1877 2637; x_wconf 88' lang='lat' dir='ltr'><strong>Avienorum</strong></span> <span class='ocrx_word' id='word_1_199' title='bbox 1912 2566 2312 2639; x_wconf 89' lang='lat' dir='ltr'><strong>mentionem</strong></span> <span class='ocrx_word' id='word_1_200' title='bbox 2343 2575 2589 2639; x_wconf 84' lang='lat' dir='ltr'><strong>facien-</strong></span> 
     </span>
     <span class='ocr_line' id='line_1_23' title="bbox 441 2655 2589 2769; baseline -0 -24"><span class='ocrx_word' id='word_1_201' title='bbox 441 2697 577 2761; x_wconf 86' lang='lat' dir='ltr'><strong>tes,</strong></span> <span class='ocrx_word' id='word_1_202' title='bbox 605 2680 845 2769; x_wconf 85' lang='lat' dir='ltr'><strong>reperti</strong></span> <span class='ocrx_word' id='word_1_203' title='bbox 878 2697 1035 2744; x_wconf 89' lang='lat' dir='ltr'><strong>sunt</strong></span> <span class='ocrx_word' id='word_1_204' title='bbox 1053 2678 1168 2767; x_wconf 88' lang='lat' dir='ltr'><strong>(ut</strong></span> <span class='ocrx_word' id='word_1_205' title='bbox 1203 2655 1575 2743; x_wconf 78' lang='lat' dir='ltr'><strong>Griiteriani</strong></span> <span class='ocrx_word' id='word_1_206' title='bbox 1602 2701 1743 2769; x_wconf 83' lang='lat' dir='ltr'><strong>pag.</strong></span> <span class='ocrx_word' id='word_1_207' title='bbox 1778 2702 1803 2742; x_wconf 85' lang='lat'>1</span> <span class='ocrx_word' id='word_1_208' title='bbox 1823 2681 1981 2761; x_wconf 73' lang='lat'><strong>144,</strong></span> <span class='ocrx_word' id='word_1_209' title='bbox 2006 2702 2072 2745; x_wconf 88' lang='lat' dir='ltr'><strong>n.</strong></span> <span class='ocrx_word' id='word_1_210' title='bbox 2108 2683 2180 2761; x_wconf 76' lang='grc'><strong>4,</strong></span> <span class='ocrx_word' id='word_1_211' title='bbox 2206 2697 2272 2744; x_wconf 91' lang='lat' dir='ltr'><strong>et</strong></span> <span class='ocrx_word' id='word_1_212' title='bbox 2302 2681 2589 2745; x_wconf 89' lang='lat' dir='ltr'><strong>Fabretti</strong></span> 
     </span>
     <span class='ocr_line' id='line_1_24' title="bbox 439 2766 2587 2877; baseline 0 -26"><span class='ocrx_word' id='word_1_213' title='bbox 439 2810 586 2877; x_wconf 86' lang='lat' dir='ltr'><strong>pag.</strong></span> <span class='ocrx_word' id='word_1_214' title='bbox 615 2786 718 2875; x_wconf 82' lang='lat'><strong>57,</strong></span> <span class='ocrx_word' id='word_1_215' title='bbox 745 2811 809 2854; x_wconf 89' lang='grc' dir='ltr'><strong>ιι.</strong></span> <span class='ocrx_word' id='word_1_216' title='bbox 841 2786 992 2870; x_wconf 83' lang='lat'><strong>323,</strong></span> <span class='ocrx_word' id='word_1_217' title='bbox 1025 2802 1091 2851; x_wconf 88' lang='lat' dir='ltr'><strong>et</strong></span> <span class='ocrx_word' id='word_1_218' title='bbox 1119 2789 1277 2873; x_wconf 78' lang='grc'><strong>744,</strong></span> <span class='ocrx_word' id='word_1_219' title='bbox 1305 2766 1372 2849; x_wconf 82' lang='grc' dir='ltr'><strong>ιι.</strong></span> <span class='ocrx_word' id='word_1_220' title='bbox 1399 2784 1584 2869; x_wconf 84' lang='lat'><strong>522),</strong></span> <span class='ocrx_word' id='word_1_221' title='bbox 1612 2784 1769 2849; x_wconf 89' lang='lat' dir='ltr'><strong>urbs</strong></span> <span class='ocrx_word' id='word_1_222' title='bbox 1803 2800 1902 2849; x_wconf 89' lang='lat' dir='ltr'><strong>est</strong></span> <span class='ocrx_word' id='word_1_223' title='bbox 1938 2786 2258 2869; x_wconf 70' lang='lat' dir='ltr'><strong>Umbriae,</strong></span> <span class='ocrx_word' id='word_1_224' title='bbox 2284 2810 2405 2851; x_wconf 92' lang='lat' dir='ltr'><strong>nec</strong></span> <span class='ocrx_word' id='word_1_225' title='bbox 2426 2787 2587 2851; x_wconf 84' lang='lat' dir='ltr'><strong>Vul-</strong></span> 
     </span>
    </p>
   </div>
   <div class='ocr_carea' id='block_1_3' title="bbox 447 2876 2693 2975">
    <p class='ocr_par' dir='ltr' id='par_1_3' title="bbox 447 2876 2693 2975">
     <span class='ocr_line' id='line_1_25' title="bbox 447 2876 2693 2975; baseline -0.001 -17"><span class='ocrx_word' id='word_1_226' title='bbox 447 2894 633 2975; x_wconf 80' lang='lat' dir='ltr'><strong>sinii,</strong></span> <span class='ocrx_word' id='word_1_227' title='bbox 658 2893 773 2958; x_wconf 88' lang='lat' dir='ltr'><strong>ubi</strong></span> <span class='ocrx_word' id='word_1_228' title='bbox 812 2910 1002 2957; x_wconf 87' lang='lat' dir='ltr'><strong>natus</strong></span> <span class='ocrx_word' id='word_1_229' title='bbox 1037 2892 1362 2972; x_wconf 67' lang='lat' dir='ltr'><strong>Avienus}</strong></span> <span class='ocrx_word' id='word_1_230' title='bbox 1399 2888 1681 2955; x_wconf 90' lang='lat' dir='ltr'><strong>multum</strong></span> <span class='ocrx_word' id='word_1_231' title='bbox 1715 2890 2155 2957; x_wconf 56' lang='lat' dir='ltr'><strong>distantxAlia</strong></span> <span class='ocrx_word' id='word_1_232' title='bbox 2185 2916 2341 2958; x_wconf 87' lang='lat' dir='ltr'><strong>vero</strong></span> <span class='ocrx_word' id='word_1_233' title='bbox 2366 2915 2589 2957; x_wconf 88' lang='lat' dir='ltr'><strong>versus</strong></span> <span class='ocrx_word' id='word_1_234' title='bbox 2684 2876 2693 2885; x_wconf 52' lang='grc'><strong>’</strong></span> 
     </span>
    </p>
   </div>
   <div class='ocr_carea' id='block_1_4' title="bbox 443 2997 2597 4147">
    <p class='ocr_par' dir='ltr' id='par_1_4' title="bbox 443 2997 2597 4147">
     <span class='ocr_line' id='line_1_26' title="bbox 445 2997 2591 3087; baseline 0 -23"><span class='ocrx_word' id='word_1_235' title='bbox 445 3001 620 3065; x_wconf 85' lang='lat' dir='ltr'><strong>illius</strong></span> <span class='ocrx_word' id='word_1_236' title='bbox 642 3046 661 3079; x_wconf 92' lang='lat'><strong>,</strong></span> <span class='ocrx_word' id='word_1_237' title='bbox 697 2998 780 3063; x_wconf 89' lang='lat' dir='ltr'><strong>de</strong></span> <span class='ocrx_word' id='word_1_238' title='bbox 814 3022 949 3085; x_wconf 77' lang='lat' dir='ltr'><strong>quo</strong></span> <span class='ocrx_word' id='word_1_239' title='bbox 983 2998 1264 3087; x_wconf 75' lang='lat' dir='ltr'><strong>agimus»,</strong></span> <span class='ocrx_word' id='word_1_240' title='bbox 1295 2997 1741 3085; x_wconf 86' lang='lat' dir='ltr'><strong>interpretatio</strong></span> <span class='ocrx_word' id='word_1_241' title='bbox 1773 3004 1970 3063; x_wconf 61' lang='lat' dir='ltr'><strong>resmt</strong></span> <span class='ocrx_word' id='word_1_242' title='bbox 1989 3048 2007 3075; x_wconf 92' lang='lat'><strong>‚</strong></span> <span class='ocrx_word' id='word_1_243' title='bbox 2038 2999 2220 3075; x_wconf 81' lang='lat' dir='ltr'><strong>alteri</strong></span> <span class='ocrx_word' id='word_1_244' title='bbox 2256 3000 2395 3071; x_wconf 85' lang='lat' dir='ltr'><strong>fere</strong></span> <span class='ocrx_word' id='word_1_245' title='bbox 2428 3021 2591 3087; x_wconf 78' lang='lat' dir='ltr'><strong>prae-</strong></span> 
     </span>
     <span class='ocr_line' id='line_1_27' title="bbox 443 3103 2591 3193; baseline 0 -24"><span class='ocrx_word' id='word_1_246' title='bbox 443 3103 749 3185; x_wconf 85' lang='lat' dir='ltr'><strong>serenda,</strong></span> <span class='ocrx_word' id='word_1_247' title='bbox 781 3128 910 3192; x_wconf 88' lang='lat' dir='ltr'><strong>qua</strong></span> <span class='ocrx_word' id='word_1_248' title='bbox 947 3119 1336 3185; x_wconf 88' lang='lat' dir='ltr'><strong>statuamus,</strong></span> <span class='ocrx_word' id='word_1_249' title='bbox 1373 3104 1641 3168; x_wconf 75' lang='lat' dir='ltr'><strong>Caesiam</strong></span> <span class='ocrx_word' id='word_1_250' title='bbox 1674 3127 1910 3193; x_wconf 86' lang='lat' dir='ltr'><strong>aquam</strong></span> <span class='ocrx_word' id='word_1_251' title='bbox 1942 3104 2050 3173; x_wconf 88' lang='lat' dir='ltr'><strong>hic</strong></span> <span class='ocrx_word' id='word_1_252' title='bbox 2095 3103 2223 3168; x_wconf 92' lang='lat' dir='ltr'><strong>dici</strong></span> <span class='ocrx_word' id='word_1_253' title='bbox 2268 3104 2591 3171; x_wconf 85' lang='lat' dir='ltr'><strong>recentius</strong></span> 
     </span>
     <span class='ocr_line' id='line_1_28' title="bbox 448 3209 2591 3299; baseline 0 -24"><span class='ocrx_word' id='word_1_254' title='bbox 448 3210 717 3299; x_wconf 83' lang='lat' dir='ltr'><strong>aliquod</strong></span> <span class='ocrx_word' id='word_1_255' title='bbox 756 3232 997 3281; x_wconf 88' lang='lat' dir='ltr'><strong>nomen</strong></span> <span class='ocrx_word' id='word_1_256' title='bbox 1040 3210 1303 3281; x_wconf 85' lang='lat' dir='ltr'><strong>traxisse</strong></span> <span class='ocrx_word' id='word_1_257' title='bbox 1339 3209 1420 3274; x_wconf 90' lang='lat' dir='ltr'><strong>ab</strong></span> <span class='ocrx_word' id='word_1_258' title='bbox 1458 3209 1536 3277; x_wconf 85' lang='lat' dir='ltr'><strong>iis</strong></span> <span class='ocrx_word' id='word_1_259' title='bbox 1558 3258 1577 3292; x_wconf 90' lang='lat'><strong>,</strong></span> <span class='ocrx_word' id='word_1_260' title='bbox 1614 3211 1728 3298; x_wconf 89' lang='lat' dir='ltr'><strong>qui</strong></span> <span class='ocrx_word' id='word_1_261' title='bbox 1766 3226 1917 3278; x_wconf 90' lang='lat' dir='ltr'><strong>ante</strong></span> <span class='ocrx_word' id='word_1_262' title='bbox 1954 3211 2401 3292; x_wconf 86' lang='lat' dir='ltr'><strong>nominantur,</strong></span> <span class='ocrx_word' id='word_1_263' title='bbox 2439 3210 2591 3275; x_wconf 87' lang='lat' dir='ltr'><strong>Mu·-</strong></span> 
     </span>
     <span class='ocr_line' id='line_1_29' title="bbox 450 3315 2593 3409; baseline 0.001 -29"><span class='ocrx_word' id='word_1_264' title='bbox 450 3316 640 3380; x_wconf 89' lang='lat' dir='ltr'><strong>sonio</strong></span> <span class='ocrx_word' id='word_1_265' title='bbox 663 3317 766 3381; x_wconf 87' lang='lat' dir='ltr'><strong>vel</strong></span> <span class='ocrx_word' id='word_1_266' title='bbox 793 3316 990 3409; x_wconf 78' lang='lat' dir='ltr'><strong>Festo</strong></span> <span class='ocrx_word' id='word_1_267' title='bbox 1009 3316 1260 3381; x_wconf 83' lang='lat' dir='ltr'><strong>Avieno</strong></span> <span class='ocrx_word' id='word_1_268' title='bbox 1278 3365 1296 3397; x_wconf 97' lang='lat'><strong>,</strong></span> <span class='ocrx_word' id='word_1_269' title='bbox 1320 3331 1396 3380; x_wconf 91' lang='lat' dir='ltr'><strong>ut</strong></span> <span class='ocrx_word' id='word_1_270' title='bbox 1429 3315 1698 3386; x_wconf 83' lang='lat' dir='ltr'><strong>fortasse</strong></span> <span class='ocrx_word' id='word_1_271' title='bbox 1714 3318 2017 3382; x_wconf 85' lang='lat' dir='ltr'><strong>Musonia</strong></span> <span class='ocrx_word' id='word_1_272' title='bbox 2034 3318 2135 3383; x_wconf 85' lang='lat' dir='ltr'><strong>vel</strong></span> <span class='ocrx_word' id='word_1_273' title='bbox 2151 3319 2335 3385; x_wconf 87' lang='lat' dir='ltr'><strong>Festa</strong></span> <span class='ocrx_word' id='word_1_274' title='bbox 2353 3320 2593 3391; x_wconf 73' lang='lat' dir='ltr'><strong>Aviena</strong></span> 
     </span>
     <span class='ocr_line' id='line_1_30' title="bbox 446 3420 2595 3513; baseline 0 -27"><span class='ocrx_word' id='word_1_275' title='bbox 446 3420 792 3504; x_wconf 87' lang='lat' dir='ltr'><strong>diceretur,</strong></span> <span class='ocrx_word' id='word_1_276' title='bbox 813 3438 1153 3511; x_wconf 87' lang='lat' dir='ltr'><strong>propterea</strong></span> <span class='ocrx_word' id='word_1_277' title='bbox 1191 3421 1373 3511; x_wconf 89' lang='lat' dir='ltr'><strong>quod</strong></span> <span class='ocrx_word' id='word_1_278' title='bbox 1404 3422 1486 3487; x_wconf 90' lang='lat' dir='ltr'><strong>ab</strong></span> <span class='ocrx_word' id='word_1_279' title='bbox 1519 3422 1621 3487; x_wconf 84' lang='lat' dir='ltr'><strong>his</strong></span> <span class='ocrx_word' id='word_1_280' title='bbox 1649 3423 1750 3487; x_wconf 88' lang='lat' dir='ltr'><strong>vel</strong></span> <span class='ocrx_word' id='word_1_281' title='bbox 1783 3422 2135 3489; x_wconf 85' lang='lat' dir='ltr'><strong>instaurata</strong></span> <span class='ocrx_word' id='word_1_282' title='bbox 2166 3426 2431 3513; x_wconf 88' lang='lat' dir='ltr'><strong>antiqua</strong></span> <span class='ocrx_word' id='word_1_283' title='bbox 2458 3424 2595 3486; x_wconf 78' lang='lat' dir='ltr'><strong>Cae-</strong></span> 
     </span>
     <span class='ocr_line' id='line_1_31' title="bbox 445 3522 2595 3616; baseline -0.001 -24"><span class='ocrx_word' id='word_1_284' title='bbox 445 3522 573 3608; x_wconf 87' lang='lat' dir='ltr'><strong>sia,</strong></span> <span class='ocrx_word' id='word_1_285' title='bbox 607 3526 708 3590; x_wconf 88' lang='lat' dir='ltr'><strong>vel</strong></span> <span class='ocrx_word' id='word_1_286' title='bbox 747 3526 1170 3615; x_wconf 60' lang='lat' dir='ltr'><strong>aquaeductus</strong></span> <span class='ocrx_word' id='word_1_287' title='bbox 1215 3527 1480 3616; x_wconf 89' lang='lat' dir='ltr'><strong>quidam</strong></span> <span class='ocrx_word' id='word_1_288' title='bbox 1536 3529 1750 3591; x_wconf 79' lang='lat' dir='ltr'><strong>Caesiae</strong></span> <span class='ocrx_word' id='word_1_289' title='bbox 1804 3531 2061 3595; x_wconf 89' lang='lat' dir='ltr'><strong>noviter</strong></span> <span class='ocrx_word' id='word_1_290' title='bbox 2112 3530 2472 3593; x_wconf 88' lang='lat' dir='ltr'><strong>instructus</strong></span> <span class='ocrx_word' id='word_1_291' title='bbox 2529 3543 2595 3591; x_wconf 86' lang='lat' dir='ltr'><strong>et</strong></span> 
     </span>
     <span class='ocr_line' id='line_1_32' title="bbox 451 3631 2588 3721; baseline 0 -24"><span class='ocrx_word' id='word_1_292' title='bbox 451 3633 747 3697; x_wconf 88' lang='lat' dir='ltr'><strong>munitus</strong></span> <span class='ocrx_word' id='word_1_293' title='bbox 797 3631 880 3699; x_wconf 85' lang='lat' dir='ltr'><strong>ad</strong></span> <span class='ocrx_word' id='word_1_294' title='bbox 933 3656 1126 3698; x_wconf 88' lang='lat' dir='ltr'><strong>usum</strong></span> <span class='ocrx_word' id='word_1_295' title='bbox 1175 3634 1514 3721; x_wconf 88' lang='lat' dir='ltr'><strong>publicum</strong></span> <span class='ocrx_word' id='word_1_296' title='bbox 1572 3648 1760 3698; x_wconf 85' lang='lat' dir='ltr'><strong>esset.</strong></span> <span class='ocrx_word' id='word_1_297' title='bbox 1810 3634 1977 3699; x_wconf 88' lang='lat' dir='ltr'><strong>Nam</strong></span> <span class='ocrx_word' id='word_1_298' title='bbox 2031 3638 2279 3716; x_wconf 86' lang='lat' dir='ltr'><strong>fontes,</strong></span> <span class='ocrx_word' id='word_1_299' title='bbox 2322 3632 2588 3713; x_wconf 87' lang='lat' dir='ltr'><strong>balnea,</strong></span> 
     </span>
     <span class='ocr_line' id='line_1_33' title="bbox 456 3738 2595 3827; baseline 0 -24"><span class='ocrx_word' id='word_1_300' title='bbox 456 3739 742 3803; x_wconf 87' lang='lat' dir='ltr'><strong>thermas</strong></span> <span class='ocrx_word' id='word_1_301' title='bbox 778 3738 858 3802; x_wconf 90' lang='lat' dir='ltr'><strong>ab</strong></span> <span class='ocrx_word' id='word_1_302' title='bbox 895 3738 973 3803; x_wconf 90' lang='lat' dir='ltr'><strong>iis</strong></span> <span class='ocrx_word' id='word_1_303' title='bbox 992 3785 1012 3822; x_wconf 91' lang='lat'><strong>,</strong></span> <span class='ocrx_word' id='word_1_304' title='bbox 1045 3740 1160 3827; x_wconf 89' lang='lat' dir='ltr'><strong>qui</strong></span> <span class='ocrx_word' id='word_1_305' title='bbox 1192 3738 1684 3820; x_wconf 81' lang='lat' dir='ltr'><strong>exstruxissent,</strong></span> <span class='ocrx_word' id='word_1_306' title='bbox 1718 3755 1832 3802; x_wconf 91' lang='lat' dir='ltr'><strong>aut</strong></span> <span class='ocrx_word' id='word_1_307' title='bbox 1856 3754 2301 3821; x_wconf 87' lang='lat' dir='ltr'><strong>renovassent,</strong></span> <span class='ocrx_word' id='word_1_308' title='bbox 2328 3740 2595 3803; x_wconf 89' lang='lat' dir='ltr'><strong>nomina</strong></span> 
     </span>
     <span class='ocr_line' id='line_1_34' title="bbox 453 3845 2597 3934; baseline 0 -25"><span class='ocrx_word' id='word_1_309' title='bbox 453 3845 777 3934; x_wconf 87' lang='lat' dir='ltr'><strong>accepisse</strong></span> <span class='ocrx_word' id='word_1_310' title='bbox 793 3894 810 3927; x_wconf 90' lang='lat'><strong>,</strong></span> <span class='ocrx_word' id='word_1_311' title='bbox 837 3846 1058 3910; x_wconf 86' lang='lat' dir='ltr'><strong>multis</strong></span> <span class='ocrx_word' id='word_1_312' title='bbox 1081 3861 1375 3909; x_wconf 86' lang='lat' dir='ltr'><strong>veterum</strong></span> <span class='ocrx_word' id='word_1_313' title='bbox 1403 3845 1796 3933; x_wconf 88' lang='lat' dir='ltr'><strong>scriptorum</strong></span> <span class='ocrx_word' id='word_1_314' title='bbox 1830 3847 2212 3910; x_wconf 87' lang='lat' dir='ltr'><strong>testimoniis</strong></span> <span class='ocrx_word' id='word_1_315' title='bbox 2227 3895 2246 3927; x_wconf 87' lang='lat'>‚</span> <span class='ocrx_word' id='word_1_316' title='bbox 2267 3864 2345 3911; x_wconf 90' lang='lat' dir='ltr'><strong>ut</strong></span> <span class='ocrx_word' id='word_1_317' title='bbox 2374 3860 2439 3910; x_wconf 91' lang='lat' dir='ltr'><strong>et</strong></span> <span class='ocrx_word' id='word_1_318' title='bbox 2462 3868 2597 3910; x_wconf 89' lang='lat' dir='ltr'><strong>mo-</strong></span> 
     </span>
     <span class='ocr_line' id='line_1_35' title="bbox 453 3950 2593 4041; baseline -0.003 -21"><span class='ocrx_word' id='word_1_319' title='bbox 453 3952 898 4020; x_wconf 82' lang='lat' dir='ltr'><strong>nimentorum</strong></span> <span class='ocrx_word' id='word_1_320' title='bbox 937 3950 1471 4040; x_wconf 83' lang='lat' dir='ltr'><strong>inscriptionibus</strong></span> <span class='ocrx_word' id='word_1_321' title='bbox 1520 3951 1857 4041; x_wconf 84' lang='lat' dir='ltr'><strong>probatur.</strong></span> <span class='ocrx_word' id='word_1_322' title='bbox 1893 3952 2030 4016; x_wconf 83' lang='lat' dir='ltr'><strong>Etsi</strong></span> <span class='ocrx_word' id='word_1_323' title='bbox 2068 3974 2223 4015; x_wconf 88' lang='lat' dir='ltr'><strong>vero</strong></span> <span class='ocrx_word' id='word_1_324' title='bbox 2259 3953 2441 4016; x_wconf 87' lang='lat' dir='ltr'><strong>locus</strong></span> <span class='ocrx_word' id='word_1_325' title='bbox 2478 3950 2593 4015; x_wconf 89' lang='lat' dir='ltr'><strong>ali-</strong></span> 
     </span>
     <span class='ocr_line' id='line_1_36' title="bbox 453 4054 2597 4147; baseline -0.001 -26"><span class='ocrx_word' id='word_1_326' title='bbox 453 4056 596 4143; x_wconf 86' lang='lat' dir='ltr'><strong>quis</strong></span> <span class='ocrx_word' id='word_1_327' title='bbox 625 4056 1012 4145; x_wconf 86' lang='lat' dir='ltr'><strong>scriptorum</strong></span> <span class='ocrx_word' id='word_1_328' title='bbox 1040 4072 1332 4124; x_wconf 85' lang='lat' dir='ltr'><strong>veterum</strong></span> <span class='ocrx_word' id='word_1_329' title='bbox 1367 4054 1629 4123; x_wconf 84' lang='lat' dir='ltr'><strong>difficile</strong></span> <span class='ocrx_word' id='word_1_330' title='bbox 1658 4058 1999 4144; x_wconf 86' lang='lat' dir='ltr'><strong>reperitur,</strong></span> <span class='ocrx_word' id='word_1_331' title='bbox 2029 4082 2163 4147; x_wconf 92' lang='lat' dir='ltr'><strong>quo</strong></span> <span class='ocrx_word' id='word_1_332' title='bbox 2186 4061 2389 4146; x_wconf 82' lang='lat' dir='ltr'><strong>Aquae</strong></span> <span class='ocrx_word' id='word_1_333' title='bbox 2408 4056 2597 4121; x_wconf 78' lang='lat' dir='ltr'><strong>Avie-</strong></span> 
     </span>
    </p>
   </div>
  </div>
 </body>
</html>
