2996 4685
754 353 1383 423 DESCRIPTIO
1444 354 1742 425 ORBIS
1799 357 2185 430 TERRAE.

2403 361 2543 456 189

493 471 890 568 Ardiscique
938 474 1058 544 tihi
1095 474 1271 545 celso
1312 475 1395 544 de
1416 476 1677 570 ,vertice
1715 494 2004 572 surgunt
2465 507 2546 553 430

493 583 755 676 Riphaei
802 599 1100 671 montes„
1139 587 1255 656 ubi
1296 587 1466 657 dura
1508 611 1681 682 soepe
1721 587 1847 658 sub
1883 597 2093 661 Arcto

492 696 723 764 Densa
765 697 1123 790 pruinosos
1158 712 1469 768 eructant
1512 697 1746 768 nubila
1783 699 2076 771 nimbos.

493 806 625 873 Hic
665 805 847 904 dites·
873 833 1053 878 venae
1095 810 1367 879 niveum
1404 809 1694 905 gignunt
1731 809 2154 904 crystallum,

395 1011 493 1065 Ac.
513 1011 655 1066 Petr.
678 1024 719 1067 t.
740 1014 769 1066 1
786 1054 803 1079 ,
819 1035 878 1088 p.
908 1023 1007 1082 4¹²
1030 1036 1045 1071 ε
1070 1044 1093 1066 ι
1110 1019 1419 1094 Panticape,

396 1090 489 1142 ubi
525 1111 672 1145 nunc
707 1095 943 1149 Samara.
984 1090 1268 1171 Dionysius
1302 1100 1421 1153 Per.

397 1171 593 1243 aliique
638 1171 785 1227 haud
823 1175 983 1250 longe
1020 1198 1050 1231 a
1097 1178 1270 1233 Ponto
1310 1182 1425 1254 ejus

395 1250 530 1304 ostia
546 1249 854 1309 describunt
865 1281 907 1309 ιο.
928 1259 1012 1310 An
1031 1257 1291 1330 adjective
1303 1260 1427 1313 scri-

396 1329 505 1398 psit
541 1331 775 1385 Avienus
810 1355 1016 1404 aequora
1064 1343 1385 1407 Panticapaeo
1399 1348 1428 1390 θ

396 1407 562 1463 Scan.
594 1411 837 1468 Fortasse
857 1416 1089 1470 Avienus
1112 1417 1427 1491 imprudens

396 1488 451 1540 in
491 1487 713 1544 fluvium
746 1496 1017 1548 transtulit
1043 1517 1241 1551 nomen
1278 1499 1429 1552 urbis

395 1567 662 1638 primaria
703 1571 761 1625 in
802 1573 1133 1630 Chersoneso
1156 1577 1387 1646 Taurica
1408 1617 1424 1642 ‚

397 1653 735 1718 Panticapes-1⁸,
776 1653 845 1707 de
894 1675 1004 1728 qua
1031 1656 1227 1710 Strabo
1245 1697 1262 1722 ,
1285 1659 1425 1724 VII,

396 1746 450 1798 p.
480 1731 619 1798 4763
650 1731 789 1785 Plin.
828 1732 928 1799 IV,
960 1753 1001 1786 s.
1048 1741 1113 1798 ²4
1140 1754 1153 1788 :
1184 1748 1237 1789 et
1274 1740 1427 1809 cujus

398 1808 717 1862 memoriam
754 1809 914 1864 hodie
940 1826 1262 1867 revocarunt
1286 1816 1429 1888 Hey-

398 1884 546 1951 nius,
562 1887 763 1958 Opusc.
782 1891 945 1942 Acad.
963 1891 1069 1945 vol.
1097 1894 1179 1944 111
1194 1912 1272 1965 ,p.
1299 1895 1427 1963 391,

400 1977 454 2028 et
466 1974 533 2028 G.
543 1975 607 2025 Α.
626 1970 695 2024 de
708 1973 1064 2021 Breitenbauclt
1076 2010 1092 2032 ‚
1108 1977 1237 2026 Aele.
1256 1978 1429 2026 δισσὰ.

403 2075 453 2108 u.
468 2053 759 2106 Erdbeschr.
780 2051 865 2099 des
872 2052 1093 2119 joeze'gen
1110 2055 1359 2115 Tam-iens,
1378 2075 1429 2108 u.

405 2135 720 2193 Cauca-siens,
742 2147 800 2202 p.
826 2132 913 2182 82.
932 2127 1036 2184 W.

474 2212 594 2280 450.
674 2213 993 2278 Ardescique.
1072 2209 1430 2270 Hudsonianoe

365 2344 371 2351 ,
399 2291 619 2365 quidem
637 2291 954 2363 conjecturas
976 2292 1269 2362 Aldescique
1284 2295 1428 2351 favet

400 2374 617 2447 Dionys.
663 2382 715 2423 et
766 2368 931 2421 Prisc.
985 2368 1092 2423 Sed
1141 2372 1199 2425 in
1247 2376 1428 2429 codice

400 2454 584 2506 Ambr.
612 2462 692 2504 est
713 2452 937 2510 Ardisoi,
966 2449 1114 2521 quod
1133 2454 1429 2525 exprimere

402 2530 609 2586 videtur
635 2529 996 2584 Herodoteum
1032 2530 1167 2598 (lib.
1198 2534 1295 2601 lv,
1321 2540 1428 2607 90)

403 2606 665 2687 Ᾰρτισῑιὸς,
694 2610 783 2665 vel
813 2604 1102 2682 Ᾰρδεῖσκος.
1136 2610 1313 2669 Schol.
1359 2614 1429 2669 ad

402 2692 614 2746 Hesiod.
636 2712 695 2767 p.
727 2694 824 2744 261
856 2688 941 2742 ed.
967 2690 1155 2745 Heius.
1183 2696 1431 2749 Scan.-

402 2774 703 2841 Ardescique
740 2773 825 2823 ι’ὂί.
860 2766 1029 2821 Ηΰᾶε.
1064 2773 1158 2822 tibi
1182 2794 1201 2822 .·
1234 2774 1432 2847 pariter

402 2852 551 2925 Higt.
596 2852 689 2926 qui
731 2847 1041 2904 conferebat
1057 2868 1112 2903 v.
1139 2854 1264 2922 489,
1302 2855 1431 2924 394,

405 2932 529 2986 803.
549 2934 788 2987 Avienus
817 2934 908 2985 eibi
930 2932 1001 2985 ita
1029 2932 1223 3003 saepius
1248 2937 1399 3005 ponit
1414 2980 1432 3006 ‚

404 3013 498 3065 ubi
535 3014 759 3085 Dionys.
792 3035 892 3075 τοι,
919 3036 1014 3071 σοι.
1048 3013 1232 3069 With.
1272 3016 1437 3087 conji-

402 3091 581 3146 ciebat
612 3107 730 3143 cunc
767 3112 972 3160 (equora
1008 3097 1318 3163 Panticapoei
1341 3099 1436 3145 AI-

405 3173 631 3238 ducique
666 3168 851 3235 videm
894 3171 1072 3225 medio
1113 3176 1205 3223 sed
1248 3176 1437 3225 vertice

406 3263 614 3319 surgunt
655 3252 849 3316 Riphaei
893 3265 1079 3302 montes
1122 3253 1206 3303 aba·
1228 3289 1241 3301 .
1263 3292 1276 3304 .
1298 3289 1312 3302 .
1329 3250 1435 3305 Sed

406 3326 523 3382 haec
555 3328 764 3400 longius
803 3328 1019 3381 abeunt.
1047 3327 1254 3381 Verum
1290 3350 1439 3383 nunc

407 3406 619 3462 videtur
637 3428 651 3459 z
667 3422 783 3459 emec
803 3427 1008 3475 aequora
1028 3412 1337 3477 Panticapaei
1345 3416 1438 3461 An-

407 3491 640 3556 desce'que
658 3490 844 3540 itidem.
870 3487 1007 3541 Nam
1027 3488 1248 3563 Dionys.
1277 3490 1440 3545 habet

407 3572 493 3626 καὶ
508 3608 522 3629 ,
548 3568 708 3621 Prisc.
734 3588 958 3637 μαριυς,-
987 3580 1040 3621 et
1065 3568 1141 3621 sic
1166 3568 1358 3623 Noster
1381 3570 1437 3621 in

406 3647 583 3702 Phaen.
614 3650 717 3702 388
745 3651 929 3701 itidem.
962 3647 1098 3700 Ven.
1134 3650 1266 3699 icem.
1286 3650 1425 3703 Sun.

408 3759 481 3769 —-
513 3732 649 3779 Caeso
678 3734 743 3780 de
769 3730 977 3780 vertice.
1027 3730 1167 3779 Celso
1194 3728 1257 3779 Α.
1292 3740 1343 3779 et
1372 3728 1436 3779 V.

410 3805 785 3859 permutantur
810 3808 924 3859 hoec
954 3804 1263 3878 aliquando,
1284 3805 1439 3879 Virg.

408 3883 622 3939 AEneid.
642 3886 783 3937 VIII
804 3924 821 3950 ,
850 3886 935 3939 65.
960 3885 1165 3938 Tamen
1197 3882 1439 3956 διάνδιχα

410 3962 654 4035 Dionysii
706 3974 758 4015 et
808 3966 1009 4016 Dividui
1050 3965 1301 4017 Prisciani
1316 4002 1332 4027 ,
1387 3976 1439 4017 et

411 4042 587 4115 ipsum
612 4061 767 4103 carso,
792 4042 1043 4097 videntur
1076 4043 1147 4095 ad
1174 4042 1317 4096 aliud
1342 4042 1441 4096 du·

412 4140 533 4175 cere
548 4162 565 4189 ‚
584 4120 763 4176 forsan
782 4125 948 4175 scisso.
970 4124 1175 4177 Vellem
1193 4124 1330 4178 liber
1342 4123 1440 4177 ali-

1514 1016 1636 1088 quis
1663 1017 1956 1072 exhiberet:
1985 1045 2010 1066 α
2027 1029 2154 1073 tunc
2179 1037 2394 1094 oquora
2409 1022 2546 1078 Pan-

1513 1097 1716 1168 ticapaei
1734 1098 2058 1171 Ardescique
2077 1099 2224 1154 vides
2239 1142 2255 1168 ‚
2276 1103 2419 1156 celso
2437 1125 2546 1177 qua

1513 1177 1713 1230 vertice
1722 1191 1943 1250 surgunt
1954 1179 2120 1252 Ripaei
2135 1193 2362 1236 montes.
2379 1182 2546 1238 Scan.

1513 1287 1587 1297 —
1608 1261 1915 1326 Ardescique
1956 1262 2025 1310 ibi
2073 1280 2206 1311 coeso
2249 1265 2314 1314 de
2359 1269 2550 1316 vertice

1516 1335 1659 1389 Pith.
1693 1355 1756 1389 ex
1787 1330 1924 1390 Ven.
1953 1341 2154 1391 Ardisci
2173 1338 2337 1394 habet
2357 1343 2546 1397 Amhr.

1516 1419 1726 1468 Aldesci
1766 1437 1964 1486 quoque
1999 1421 2070 1470 ibi
2098 1422 2228 1470 celso
2263 1425 2328 1473 de
2362 1428 2551 1476 vertice

1515 1495 1683 1568 Cusp.
1740 1500 2042 1565 Aldu-cique
2094 1501 2348 1563 habitant,
2413 1509 2548 1556 celso

1515 1574 1822 1630 emendavit
1853 1573 1994 1630 vad.
2033 1595 2063 1630 e
2093 1580 2427 1650 conjectura,
2455 1584 2549 1638 sed

1516 1655 1816 1709 infeliciter.
1833 1654 2122 1710 Hudsonus
2141 1657 2308 1712 edidit
2325 1667 2554 1732 Ardesci-

1520 1755 1616 1802 que
1637 1737 1720 1786 eibi
1743 1739 1876 1786 celso
1890 1772 1907 1799 ,
1934 1735 2086 1807 isque
2117 1739 2296 1810 potius
2319 1745 2549 1794 Aldesci-

1521 1833 1617 1881 que
1650 1812 1992 1867 scribendum
2017 1817 2298 1871 existimat.
2322 1819 2393 1872 Et
2418 1821 2550 1875 olim

1521 1911 1550 1946 a
1599 1891 1901 1947 Schradero
1943 1907 2188 1948 notatum
2240 1897 2296 1950 in
2343 1899 2555 1966 schedis

1519 1973 1692 2044 reperi
1719 1977 2020 2042 Aldesce'que
2047 1979 2152 2028 citi.
2174 1975 2448 2032 'Videntur
2460 1979 2556 2033 hic

1520 2052 1576 2104 in
1603 2053 1819 2106 nomine
1853 2071 1919 2106 eo
1959 2052 2106 2106 fluvii
2129 2053 2329 2125 pariter
2353 2059 2558 2112 variare

1520 2131 1724 2204 vulgati
1773 2143 1825 2185 et
1875 2131 2040 2204 Mspti
2093 2134 2244 2200 libri,
2298 2147 2358 2188 ut
2410 2139 2556 2210 apud

1518 2211 1685 2264 Prisc.
1706 2231 1755 2264 v.
1781 2210 1914 2276 306,
1934 2212 2026 2265 ubi
2043 2211 2306 2266 editiones
2323 2214 2555 2284 plerum·

1519 2309 1626 2365 que
1646 2291 1847 2345 habent
1865 2295 2092 2356 Aldesce‘,
2106 2291 2254 2365 quod
2272 2305 2349 2347 est
2361 2295 2559 2373 Diony·
2601 2297 2606 2306 '

1519 2372 1758 2439 sianum,
1793 2372 1974 2445 scripti
1996 2392 2122 2425 vero
2156 2371 2375 2428 codices
2398 2381 2556 2429 Ardi-

1519 2454 1620 2512 sei,
1656 2450 1807 2522 quod
1841 2463 1921 2507 est
1948 2450 2331 2506 Herodoteum.
2364 2455 2556 2511 Primo
2641 2513 2644 2524 ,

1520 2528 1647 2583 edit.
1667 2532 1805 2585 Ven.
1838 2530 2028 2584 eadem
2059 2536 2324 2607 scriptura
2357 2546 2439 2589 est
2459 2546 2557 2589 Ar-

1519 2612 1661 2670 disce‘,
1684 2628 1845 2683 quam
1863 2610 2091 2667 editores
2114 2612 2311 2669 deinde
2335 2615 2406 2669 ad
2423 2620 2558 2671 scri·

1519 2701 1732 2761 pturam
1776 2688 2023 2763 Dionysii
2063 2694 2558 2755 accommodarunt.

1522 2767 1686 2821 Istam
1705 2768 1868 2839 igitur
1885 2769 2165 2841 genuinam
2180 2812 2196 2838 ,
2223 2784 2276 2825 et
2295 2792 2558 2829 revocan-

1523 2846 1646 2900 dam
1676 2848 1734 2900 in
1757 2859 1966 2903 textum
1983 2852 2190 2921 putavi.

1595 2926 1718 2993 451.
1739 2929 1897 3000 Cusp.
1917 2942 1971 2982 et
1988 2929 2128 2983 Pith.
2151 2932 2434 2986 ediderunt
2451 2922 2562 2986 siar-

1519 3023 1668 3078 gunt.
1714 3010 1904 3077 Riphoei
1942 3026 2128 3062 montes
2154 3013 2224 3063 ibi
2265 3016 2412 3066 dura.
2442 3015 2554 3067 Va-

1526 3087 1722 3142 dianus
1754 3094 1887 3141 celso
1916 3093 1980 3142 de
2012 3095 2198 3143 vertice
2228 3105 2439 3160 surgunt
2469 3096 2556 3143 Ri-

1518 3172 1654 3237 pha-2·
1695 3182 1885 3220 montes
1899 3208 1915 3230 ‚
1962 3172 2032 3220 iba·
2075 3174 2224 3223 dum.
2268 3168 2558 3225 Hndsonus

1524 3246 1640 3300 haec
1665 3250 1721 3302 in
1745 3248 1935 3300 melius
1954 3249 2181 3302 restituit
2197 3286 2213 3311 ,
2235 3249 2312 3301 uti
2332 3248 2433 3320 ipsi
2453 3270 2556 3323 po.

1525 3327 1725 3380 suimus
1743 3327 1802 3379 in
1821 3335 2088 3380 contexto.
2105 3358 2172 3367 —
2187 3326 2360 3380 Unice
2388 3330 2558 3399 probo

1525 3410 1656 3459 dura
1679 3427 1811 3475 soepe
1836 3409 1925 3457 sub
1935 3412 2113 3471 Arcto,
2135 3416 2194 3456 ut
2220 3424 2266 3458 v.
2292 3405 2413 3471 456.
2435 3408 2560 3481 Epi·

1526 3486 1712 3539 theton
1743 3486 1850 3539 hoc
1877 3486 2124 3537 convenit
2153 3484 2308 3538 terris
2335 3499 2555 3559 septem-

1526 3566 1852 3621 trionalibus.
1883 3566 2122 3619 senum.
2149 3596 2222 3605 —-
2245 3568 2438 3635 Riphaei
2463 3572 2556 3641 qui

1527 3657 1580 3699 et
1601 3647 1711 3697 Obie·
1731 3656 1966 3698 montes:
1993 3662 2139 3697 nunc
2159 3644 2345 3699 Russis
2363 3645 2555 3701 dicun·-

1527 3737 1614 3778 tur
1636 3728 1810 3780 Welilci
1825 3728 2058 3788 Kameny
2072 3731 2262 3789 Poyas,
2299 3725 2339 3780 i.
2368 3745 2416 3779 e.
2445 3746 2554 3781 ma.

1527 3822 1690 3877 gnum
1735 3802 2000 3876 lapideum
2044 3804 2334 3875 cingulum.
2373 3808 2558 3880 Vulgo

1527 3900 1687 3935 mont!
1707 3890 1884 3950 Poyas.
1905 3882 2006 3937 En.

1602 3966 1668 4029 45
1673 3964 1723 4017 3.
1737 3968 1828 4017 Hic
1841 3967 1963 4016 dites
1978 3984 2130 4016 venoe
2145 3966 2334 4017 niveum
2339 3969 2562 4036 gignunt

1527 4050 1823 4111 crystallum.
1859 4043 2176 4098 Hudsonum
2211 4048 2400 4098 niveum
2437 4066 2557 4098 mu-

1528 4133 1726 4177 tantem
1761 4126 1818 4177 in
1853 4128 2046 4180 niveam
2087 4123 2284 4177 refutat
2319 4123 2560 4193 Solinus,
