2996 4685
504 301 643 398 574
1239 301 1323 366 R.
1379 301 1449 365 F.
1501 296 1867 367 AVIENI

594 429 791 494 Astra
824 434 1239 516 receperunt.
1272 418 1588 499 Pharium
1625 443 1778 513 pars
1809 416 2018 486 altera
2048 416 2282 488 Nilum

595 537 1123 615 Commemorat,
1155 530 1343 625 largo
1375 544 1628 625 segetes
1664 528 1846 623 quod
1885 529 2142 597 nutriat
2176 529 2396 613 amni,

594 650 1002 736 Arentesque
1044 639 1227 711 locos
1265 640 1449 709 unda
1478 638 1794 709 fecundet
1823 638 2123 723 alumna3

596 753 719 826 Vel
765 752 948 848 quod
988 751 1071 821 de
1111 750 1313 820 medii
1353 748 1700 843 prolapsus
1740 764 1930 843 parte
1973 748 2107 818 diei

597 870 844 936 Vastus
885 864 955 930 in
998 886 1335 956 aequoreas
1375 860 1596 955 pelagi
1639 884 1776 929 sese
1820 859 2066 953 inferat
2108 858 2337 929 undas.
2555 880 2638 917 ιω

595 980 729 1045 Iste
764 973 1000 1068 pedem
1036 970 1275 1041 laevum
1310 969 1496 1040 rutili
1536 970 1718 1039 subit
1751 970 2026 1040 Orionis
2048 1023 2068 1056 ,

598 1090 903 1180 Fusaque
937 1107 1083 1178 quae
1122 1084 1419 1177 geminos
1460 1079 1889 1174 adstringunt
1913 1077 2182 1147 vincula
2211 1078 2462 1161 Pisces,

598 1195 871 1265 Eridani
908 1208 1151 1264 coeunt
1192 1190 1657 1277 amfractibus;
1685 1190 1798 1259 hic
1836 1184 2074 1285 procul
2110 1187 2217 1257 ille

598 1305 925 1379 Tenditur
962 1303 1154 1373 effusi
1186 1304 1253 1370 vi
1291 1301 1602 1397 gurgitis3
1627 1301 2042 1394 hicquoque
2079 1298 2291 1368 eristae

600 1416 795 1488 Cedit
836 1440 1031 1510 apex,
1058 1438 1317 1483 summa
1351 1436 1485 1506 qua
1520 1410 1636 1480 lux
1667 1411 1944 1481 Pistrice
1979 1425 2285 1479 coruscat
2557 1436 2634 1474 sos

601 1531 929 1621 Desuper,
964 1540 1030 1594 et
1059 1526 1329 1593 flamma
1365 1521 1732 1591 caudarum
1771 1519 2038 1615 cingula
2081 1520 2247 1615 figit.

1267 1698 1531 1744 Plscls
1579 1696 1873 1742 MAJOR.
1955 1762 1968 1769 ·

701 1816 889 1882 Inter
924 1810 1285 1879 demissum
1330 1808 1566 1902 procul
1605 1810 1676 1877 in
1704 1808 1874 1877 vada
1902 1807 2142 1877 caerula
2168 1806 2428 1877 clavum

604 1924 860 2019 Puppis
898 1922 1206 2006 Iasoniae‚
1248 1919 1644 2015 depictaque
1681 1934 1870 2013 terga
1915 1920 2194 2004 carinae,

607 2038 692 2105 Et
728 2033 996 2104 Pistrim
1037 2030 1451 2115 undicolam,
1482 2031 1766 2125 Leporis
1803 2053 1936 2124 qua
1978 2029 2278 2099 tenditur
2316 2027 2502 2099 alvus
2525 2083 2546 2115 ,

610 2118 966 2213 Stellarum
997 2142 1225 2212 creber
1262 2140 1495 2210 rutilat
1534 2139 1759 2210 rubor.
1799 2140 2000 2215 Haud
2042 2156 2265 2209 tamen
2298 2140 2440 2209 istis
2572 2167 2652 2205 ιι,

610 2252 736 2324 Vel
770 2253 885 2320 lux
916 2249 1128 2319 multa
1170 2252 1407 2334 micat,
1432 2250 1537 2319 vel
1571 2250 1648 2319 fit
1681 2249 2107 2344 memorabile
2147 2274 2412 2318 nomen.

614 2361 816 2436 Nulla
854 2362 1096 2431 etenim
1146 2361 1361 2431 forma
1401 2364 1826 2432 flammarum
1869 2363 2129 2457 Jupiter
2173 2363 2354 2458 ignes

614 2471 980 2555 Discrevit,
1006 2470 1225 2541 nullos
1258 2471 1573 2542 simulant
1609 2475 1710 2542 hae
1743 2473 2043 2568 corporis
2079 2487 2282 2542 artuS.

618 2581 863 2673 Qualia
906 2582 1163 2677 digesto
1200 2582 1491 2652 mundus
1525 2607 1711 2653 sacer
1745 2583 1980 2652 ordine
2007 2583 2218 2652 volvit

619 2699 895 2786 Semper
928 2693 999 2761 in
1035 2693 1389 2786 antiquum
1427 2694 1774 2762 retrahens
1814 2694 1940 2762 iter
1972 2694 2198 2761 omnia
2233 2716 2456 2760 secum
2583 2715 2659 2753 εις

620 2802 981 2874 Saeclorum
1025 2803 1195 2870 serie
1233 2801 1431 2897 longa
1452 2857 1471 2889 ,
1500 2804 1658 2872 istas
1702 2803 1990 2897 denique
2023 2803 2292 2897 signant

622 2912 978 2986 Intervalla
1004 2912 1213 2999 faces3
1242 2912 1475 2982 similis
1503 2938 1771 3008 quoque
1814 2913 1926 2982 lux
1961 2914 2164 2983 habet
2205 2913 2500 2996 omneis,

622 3030 751 3094 Par
785 3022 1053 3112 modus3
1088 3049 1325 3093 occasu
1368 3026 1622 3118 pariter
1664 3022 2046 3093 referuntur
2081 3040 2150 3093 et
2184 3039 2370 3109 ortu,

622 3138 729 3206 Ne
764 3129 1123 3226 spectanda
1160 3132 1381 3203 forent
1415 3151 1626 3229 ponto
1665 3133 1848 3230 quod
1879 3132 2018 3204 sola
2051 3149 2370 3205 carerent.

626 3249 879 3317 Caetera
916 3243 1263 3338 descriptis
1296 3259 1618 3339 aptantur
1659 3244 1921 3339 singula
1957 3247 2271 3315 membris
2584 3269 2661 3308 s...

603 3440 726 3509 798.
758 3439 901 3487 Unda
906 3437 1149 3504 fecundet
1170 3441 1390 3488 alumna.
1412 3438 1550 3490 Nam
1638 3441 1697 3490 vi
1713 3441 1956 3507 gurgitis,-
1984 3441 2063 3489 Ιιίο
2105 3457 2298 3507 quoque
2331 3440 2492 3488 criteoe
2530 3440 2666 3489 &52

532 3517 771 3590 seqnitur
796 3516 989 3584 inferat.
1016 3514 1197 3586 Vulgo
1214 3532 1227 3568 :
1240 3518 1507 3585 secundat.
1642 3538 1800 3586 apex,
1829 3537 1894 3570 ex
1922 3517 2288 3572 emendatione
2309 3517 2503 3570 ‘’mtii.
2531 3517 2662 3569 Vul-

606 3612 726 3664 799.
766 3599 855 3644 Vel
873 3597 1012 3661 quod
1044 3597 1108 3645 de
1128 3599 1277 3647 medii
1294 3599 1552 3663 prolapsus
1641 3616 1710 3667 go
1738 3614 1752 3649 ε
1784 3596 2046 3650 «Eridani
2068 3609 2260 3650 coeunt
2295 3596 2660 3661 amfractibus,

529 3689 677 3742 parte
689 3675 805 3724 diei.
816 3672 992 3724 schol.
1012 3673 1267 3728 German.
1285 3675 1319 3727 l.
1337 3674 1373 3727 l.
1391 3701 1413 3721 ι
1430 3675 1552 3729 ideo
1640 3687 1699 3726 ut
1711 3677 1898 3746 procul
1916 3675 2003 3727 ille
2019 3673 2280 3728 Tenditur
2295 3674 2452 3728 effusi
2471 3675 2524 3726 vi
2540 3693 2662 3745 gur-

538 3755 675 3805 inter
702 3761 842 3801 astra
868 3751 1153 3807 collocatus
1190 3754 1335 3822 (scil.
1370 3753 1553 3807 Erida-
1637 3754 1909 3824 gitis;huc
1923 3773 2135 3826 quoque
2149 3755 2322 3808 cristae
2333 3753 2660 3825 Culitapex-

537 3831 697 3896 nus),
738 3826 885 3898 quod
919 3848 949 3880 a
978 3830 1277 3884 meridianis
1318 3833 1552 3903 partibus
1711 3835 1830 3904 819.
1869 3839 1948 3885 Ne
1989 3837 2257 3902 spectanda
2286 3837 2464 3902 she-ent
2507 3849 2660 3900 pomo

538 3925 753 3962 cursum
788 3905 1034 3976 dirigat».
1148 3913 1163 3925 ⁸
1639 3917 1779 3982 quod
1806 3919 1916 3966 sola
1941 3929 2178 3965 carerent.
2199 3915 2408 3986 Vulgo:
2435 3940 2461 3960 α
2482 3915 2565 3967 Ne
2579 3933 2666 3967 ex·

610 3989 711 4042 803
728 4025 744 4050 ‚
774 3987 892 4047 804.
920 3987 1133 4037 Eridani
1157 4005 1334 4040 coeunt
1360 3995 1550 4060 amfiu-
1641 3993 1922 4064 spectanda
1947 3995 2120 4046 forent
2141 4020 2184 4046 ι.

536 4072 685 4120 esibus
696 4090 716 4128 ‚·
744 4067 823 4116 hic
842 4067 1017 4131 procul
1040 4067 1121 4114 ille
1152 4071 1383 4118 Tenditur
1410 4072 1557 4138 ffusi
1715 4074 1818 4126 820
1835 4111 1849 4136 ,
1875 4075 1994 4127 821.
2017 4079 2203 4128 Caeoem
2223 4077 2474 4142 descriptis
2485 4090 2666 4142 apem·
