<?xml version="1.0" encoding="UTF-8"?>
<!DOCTYPE html PUBLIC "-//W3C//DTD XHTML 1.0 Transitional//EN"
    "http://www.w3.org/TR/xhtml1/DTD/xhtml1-transitional.dtd">
<html xmlns="http://www.w3.org/1999/xhtml" xml:lang="en" lang="en">
 <head>
  <title>
</title>
<meta http-equiv="Content-Type" content="text/html;charset=utf-8" />
  <meta name='ocr-system' content='tesseract 3.04.00' />
  <meta name='ocr-capabilities' content='ocr_page ocr_carea ocr_par ocr_line ocrx_word'/>
</head>
<body>
  <div class='ocr_page' id='page_1' title='image "./poetaelatinimin01unkngoog_0353.png"; bbox 0 0 2996 4685; ppageno 0'>
   <div class='ocr_carea' id='block_1_1' title="bbox 492 399 633 484">
    <p class='ocr_par' dir='ltr' id='par_1_1' title="bbox 492 399 633 484">
     <span class='ocr_line' id='line_1_1' title="bbox 492 399 633 484; baseline 0 0"><span class='ocrx_word' id='word_1_1' title='bbox 492 399 633 484; x_wconf 74' lang='lat'>344</span> 
     </span>
    </p>
   </div>
   <div class='ocr_carea' id='block_1_2' title="bbox 1233 396 1859 475">
    <p class='ocr_par' dir='ltr' id='par_1_2' title="bbox 1233 396 1859 475">
     <span class='ocr_line' id='line_1_2' title="bbox 1233 396 1859 475; baseline 0.002 -11"><span class='ocrx_word' id='word_1_2' title='bbox 1233 400 1315 464; x_wconf 90' lang='lat' dir='ltr'>R.</span> <span class='ocrx_word' id='word_1_3' title='bbox 1367 401 1440 475; x_wconf 76' lang='lat' dir='ltr'>F.</span> <span class='ocrx_word' id='word_1_4' title='bbox 1493 396 1859 465; x_wconf 82' lang='lat' dir='ltr'><strong>AVlENI</strong></span> 
     </span>
    </p>
   </div>
   <div class='ocr_carea' id='block_1_3' title="bbox 581 518 2625 1278">
    <p class='ocr_par' dir='ltr' id='par_1_3' title="bbox 581 518 2625 1278">
     <span class='ocr_line' id='line_1_3' title="bbox 585 518 2313 613; baseline 0 -22"><span class='ocrx_word' id='word_1_5' title='bbox 585 522 967 591; x_wconf 77' lang='lat' dir='ltr'><strong>Demittunt</strong></span> <span class='ocrx_word' id='word_1_6' title='bbox 1010 519 1354 613; x_wconf 78' lang='lat' dir='ltr'><strong>pharetras</strong></span> <span class='ocrx_word' id='word_1_7' title='bbox 1391 518 1723 604; x_wconf 82' lang='lat' dir='ltr'>humeris,</span> <span class='ocrx_word' id='word_1_8' title='bbox 1762 534 1828 588; x_wconf 90' lang='lat' dir='ltr'>et</span> <span class='ocrx_word' id='word_1_9' title='bbox 1866 519 2081 589; x_wconf 86' lang='lat' dir='ltr'>letifer</span> <span class='ocrx_word' id='word_1_10' title='bbox 2118 532 2313 591; x_wconf 78' lang='lat' dir='ltr'>arcus</span> 
     </span>
     <span class='ocr_line' id='line_1_4' title="bbox 589 628 2399 725; baseline 0.001 -26"><span class='ocrx_word' id='word_1_11' title='bbox 589 635 866 724; x_wconf 85' lang='lat' dir='ltr'>Semper</span> <span class='ocrx_word' id='word_1_12' title='bbox 905 631 1075 697; x_wconf 87' lang='lat' dir='ltr'>inest</span> <span class='ocrx_word' id='word_1_13' title='bbox 1113 628 1323 699; x_wconf 82' lang='lat' dir='ltr'>laevae:</span> <span class='ocrx_word' id='word_1_14' title='bbox 1361 652 1579 722; x_wconf 89' lang='lat' dir='ltr'>neque</span> <span class='ocrx_word' id='word_1_15' title='bbox 1614 654 1735 723; x_wconf 83' lang='lat' dir='ltr'>per</span> <span class='ocrx_word' id='word_1_16' title='bbox 1776 630 2173 725; x_wconf 85' lang='lat' dir='ltr'>compendia</span> <span class='ocrx_word' id='word_1_17' title='bbox 2218 630 2399 701; x_wconf 85' lang='lat' dir='ltr'>diras</span> 
     </span>
     <span class='ocr_line' id='line_1_5' title="bbox 583 740 2495 834; baseline -0.003 -21"><span class='ocrx_word' id='word_1_18' title='bbox 583 741 971 813; x_wconf 85' lang='lat' dir='ltr'>Producunt</span> <span class='ocrx_word' id='word_1_19' title='bbox 1005 740 1294 827; x_wconf 84' lang='lat' dir='ltr'>animas3</span> <span class='ocrx_word' id='word_1_20' title='bbox 1335 764 1470 808; x_wconf 87' lang='lat' dir='ltr'>non</span> <span class='ocrx_word' id='word_1_21' title='bbox 1510 740 1851 834; x_wconf 86' lang='lat' dir='ltr'>puppibus</span> <span class='ocrx_word' id='word_1_22' title='bbox 1890 764 2159 834; x_wconf 86' lang='lat' dir='ltr'>aequora</span> <span class='ocrx_word' id='word_1_23' title='bbox 2196 740 2495 810; x_wconf 80' lang='lat' dir='ltr'>sulcant:</span> 
     </span>
     <span class='ocr_line' id='line_1_6' title="bbox 583 849 2625 946; baseline -0.005 -22"><span class='ocrx_word' id='word_1_24' title='bbox 583 855 743 924; x_wconf 88' lang='lat' dir='ltr'>Non</span> <span class='ocrx_word' id='word_1_25' title='bbox 778 852 976 946; x_wconf 87' lang='lat' dir='ltr'>proni</span> <span class='ocrx_word' id='word_1_26' title='bbox 1013 851 1324 945; x_wconf 82' lang='lat' dir='ltr'>gregibus</span> <span class='ocrx_word' id='word_1_27' title='bbox 1365 850 1623 944; x_wconf 84' lang='lat' dir='ltr'>pecoris</span> <span class='ocrx_word' id='word_1_28' title='bbox 1662 849 1833 919; x_wconf 86' lang='lat' dir='ltr'>freta</span> <span class='ocrx_word' id='word_1_29' title='bbox 1869 852 2007 919; x_wconf 81' lang='lat' dir='ltr'>vita</span> <span class='ocrx_word' id='word_1_30' title='bbox 2038 851 2337 944; x_wconf 85' lang='lat' dir='ltr'>juvatur.</span> <span class='ocrx_word' id='word_1_31' title='bbox 2524 878 2625 923; x_wconf 57' lang='grc' dir='ltr'>ιω</span> 
     </span>
     <span class='ocr_line' id='line_1_7' title="bbox 581 959 2503 1059; baseline -0.003 -25"><span class='ocrx_word' id='word_1_32' title='bbox 581 963 711 1035; x_wconf 91' lang='lat' dir='ltr'>Sed</span> <span class='ocrx_word' id='word_1_33' title='bbox 753 963 970 1059; x_wconf 87' lang='lat' dir='ltr'>quatit</span> <span class='ocrx_word' id='word_1_34' title='bbox 1010 960 1348 1055; x_wconf 88' lang='lat' dir='ltr'>alipedum</span> <span class='ocrx_word' id='word_1_35' title='bbox 1383 959 1525 1030; x_wconf 86' lang='lat' dir='ltr'>sola</span> <span class='ocrx_word' id='word_1_36' title='bbox 1564 984 1825 1055; x_wconf 82' lang='lat' dir='ltr'>semper</span> <span class='ocrx_word' id='word_1_37' title='bbox 1861 985 2095 1030; x_wconf 91' lang='lat' dir='ltr'>cursus</span> <span class='ocrx_word' id='word_1_38' title='bbox 2131 986 2460 1059; x_wconf 91' lang='lat' dir='ltr'>equorum</span> <span class='ocrx_word' id='word_1_39' title='bbox 2482 1015 2503 1047; x_wconf 94' lang='lat'>‚</span> 
     </span>
     <span class='ocr_line' id='line_1_8' title="bbox 583 1070 2503 1167; baseline -0.001 -24"><span class='ocrx_word' id='word_1_40' title='bbox 583 1071 912 1167; x_wconf 85' lang='lat' dir='ltr'>Pulsaque</span> <span class='ocrx_word' id='word_1_41' title='bbox 951 1087 1130 1141; x_wconf 88' lang='lat' dir='ltr'>terra</span> <span class='ocrx_word' id='word_1_42' title='bbox 1173 1070 1417 1166; x_wconf 81' lang='lat' dir='ltr'><strong>gemit:</strong></span> <span class='ocrx_word' id='word_1_43' title='bbox 1463 1070 1851 1141; x_wconf 87' lang='lat' dir='ltr'>discurrunt</span> <span class='ocrx_word' id='word_1_44' title='bbox 1884 1072 2119 1141; x_wconf 88' lang='lat' dir='ltr'>crebra</span> <span class='ocrx_word' id='word_1_45' title='bbox 2156 1098 2277 1167; x_wconf 89' lang='lat' dir='ltr'>per</span> <span class='ocrx_word' id='word_1_46' title='bbox 2308 1097 2503 1153; x_wconf 73' lang='lat' dir='ltr'>auras</span> 
     </span>
     <span class='ocr_line' id='line_1_9' title="bbox 585 1175 2317 1278; baseline -0.002 -25"><span class='ocrx_word' id='word_1_47' title='bbox 585 1181 853 1278; x_wconf 78' lang='lat' dir='ltr'>Spicula</span> <span class='ocrx_word' id='word_1_48' title='bbox 873 1235 892 1267; x_wconf 89' lang='lat'><strong>‚</strong></span> <span class='ocrx_word' id='word_1_49' title='bbox 923 1180 1286 1251; x_wconf 83' lang='lat' dir='ltr'>missilibus</span> <span class='ocrx_word' id='word_1_50' title='bbox 1323 1178 1460 1251; x_wconf 82' lang='lat' dir='ltr'>late</span> <span class='ocrx_word' id='word_1_51' title='bbox 1491 1182 1869 1251; x_wconf 77' lang='lat' dir='ltr'>subtexitur</span> <span class='ocrx_word' id='word_1_52' title='bbox 1907 1206 2045 1252; x_wconf 87' lang='lat' dir='ltr'>aer.</span> <span class='ocrx_word' id='word_1_53' title='bbox 2308 1175 2317 1184; x_wconf 58' lang='lat'><em>⁶</em></span> 
     </span>
    </p>
   </div>
   <div class='ocr_carea' id='block_1_4' title="bbox 477 1376 1518 3982">
    <p class='ocr_par' dir='ltr' id='par_1_4' title="bbox 477 1376 1511 2792">
     <span class='ocr_line' id='line_1_10' title="bbox 482 1376 1507 1449; baseline -0.007 -14"><span class='ocrx_word' id='word_1_54' title='bbox 482 1397 630 1435; x_wconf 86' lang='lat' dir='ltr'>tuere</span> <span class='ocrx_word' id='word_1_55' title='bbox 659 1380 940 1433; x_wconf 78' lang='lat' dir='ltr'>videntur:</span> <span class='ocrx_word' id='word_1_56' title='bbox 981 1376 1166 1432; x_wconf 88' lang='lat' dir='ltr'>Parthi</span> <span class='ocrx_word' id='word_1_57' title='bbox 1191 1378 1507 1449; x_wconf 85' lang='lat' dir='ltr'>plerumque</span> 
     </span>
     <span class='ocr_line' id='line_1_11' title="bbox 483 1458 1506 1529; baseline -0.008 -14"><span class='ocrx_word' id='word_1_58' title='bbox 483 1461 551 1515; x_wconf 90' lang='lat' dir='ltr'>ad</span> <span class='ocrx_word' id='word_1_59' title='bbox 567 1458 866 1516; x_wconf 73' lang='lat' dir='ltr'>laedendum</span> <span class='ocrx_word' id='word_1_60' title='bbox 881 1472 974 1513; x_wconf 86' lang='lat' dir='ltr'>aut</span> <span class='ocrx_word' id='word_1_61' title='bbox 989 1458 1152 1513; x_wconf 84' lang='lat' dir='ltr'>sicam</span> <span class='ocrx_word' id='word_1_62' title='bbox 1170 1468 1379 1529; x_wconf 83' lang='lat' dir='ltr'>gerunt,</span> <span class='ocrx_word' id='word_1_63' title='bbox 1394 1468 1506 1522; x_wconf 84' lang='lat' dir='ltr'>aut,</span> 
     </span>
     <span class='ocr_line' id='line_1_12' title="bbox 482 1536 1505 1602; baseline -0.007 -8"><span class='ocrx_word' id='word_1_64' title='bbox 482 1561 540 1594; x_wconf 89' lang='lat' dir='ltr'>ea</span> <span class='ocrx_word' id='word_1_65' title='bbox 575 1542 620 1593; x_wconf 83' lang='lat' dir='ltr'>si</span> <span class='ocrx_word' id='word_1_66' title='bbox 650 1542 782 1595; x_wconf 77' lang='lat' dir='ltr'>absit</span> <span class='ocrx_word' id='word_1_67' title='bbox 799 1577 814 1602; x_wconf 94' lang='lat'>,</span> <span class='ocrx_word' id='word_1_68' title='bbox 845 1556 1014 1591; x_wconf 82' lang='lat' dir='ltr'>manu</span> <span class='ocrx_word' id='word_1_69' title='bbox 1039 1537 1251 1592; x_wconf 83' lang='lat' dir='ltr'>hastilia</span> <span class='ocrx_word' id='word_1_70' title='bbox 1275 1536 1505 1590; x_wconf 83' lang='lat' dir='ltr'>vibrant.</span> 
     </span>
     <span class='ocr_line' id='line_1_13' title="bbox 482 1615 1507 1674; baseline -0.008 0"><span class='ocrx_word' id='word_1_71' title='bbox 482 1620 587 1674; x_wconf 82' lang='lat' dir='ltr'>Sed</span> <span class='ocrx_word' id='word_1_72' title='bbox 614 1618 885 1673; x_wconf 77' lang='lat' dir='ltr'>Vadimus</span> <span class='ocrx_word' id='word_1_73' title='bbox 921 1618 1104 1670; x_wconf 88' lang='lat' dir='ltr'>maluit</span> <span class='ocrx_word' id='word_1_74' title='bbox 1139 1615 1296 1670; x_wconf 85' lang='lat' dir='ltr'>edere</span> <span class='ocrx_word' id='word_1_75' title='bbox 1327 1636 1507 1667; x_wconf 77' lang='lat' dir='ltr'>manus</span> 
     </span>
     <span class='ocr_line' id='line_1_14' title="bbox 481 1694 1506 1767; baseline -0.005 -16"><span class='ocrx_word' id='word_1_76' title='bbox 481 1716 640 1751; x_wconf 73' lang='lat' dir='ltr'>amem</span> <span class='ocrx_word' id='word_1_77' title='bbox 683 1702 882 1751; x_wconf 63' lang='lat' dir='ltr'>hastilia</span> <span class='ocrx_word' id='word_1_78' title='bbox 913 1700 1107 1759; x_wconf 72' lang='lat' dir='ltr'>vibrat,</span> <span class='ocrx_word' id='word_1_79' title='bbox 1148 1694 1295 1767; x_wconf 79' lang='lat' dir='ltr'>quod</span> <span class='ocrx_word' id='word_1_80' title='bbox 1329 1696 1506 1766; x_wconf 80' lang='lat' dir='ltr'>ipsum</span> 
     </span>
     <span class='ocr_line' id='line_1_15' title="bbox 481 1774 1507 1851; baseline -0.006 -19"><span class='ocrx_word' id='word_1_81' title='bbox 481 1776 844 1851; x_wconf 87' lang='lat' dir='ltr'>reponendum</span> <span class='ocrx_word' id='word_1_82' title='bbox 914 1787 1093 1829; x_wconf 83' lang='lat' dir='ltr'>censet</span> <span class='ocrx_word' id='word_1_83' title='bbox 1149 1774 1507 1838; x_wconf 61' lang='lat' dir='ltr'>sebi-ederus,</span> 
     </span>
     <span class='ocr_line' id='line_1_16' title="bbox 483 1854 1507 1929; baseline -0.007 -16"><span class='ocrx_word' id='word_1_84' title='bbox 483 1860 610 1913; x_wconf 71' lang='lat' dir='ltr'>obs.</span> <span class='ocrx_word' id='word_1_85' title='bbox 639 1876 754 1929; x_wconf 84' lang='lat' dir='ltr'>cap.</span> <span class='ocrx_word' id='word_1_86' title='bbox 795 1863 854 1923; x_wconf 87' lang='grc'>4,</span> <span class='ocrx_word' id='word_1_87' title='bbox 890 1874 1009 1927; x_wconf 79' lang='lat' dir='ltr'>pag.</span> <span class='ocrx_word' id='word_1_88' title='bbox 1051 1863 1116 1921; x_wconf 89' lang='grc'>44</span> <span class='ocrx_word' id='word_1_89' title='bbox 1136 1894 1151 1919; x_wconf 89' lang='grc'>,</span> <span class='ocrx_word' id='word_1_90' title='bbox 1212 1854 1304 1907; x_wconf 86' lang='lat' dir='ltr'>ubi</span> <span class='ocrx_word' id='word_1_91' title='bbox 1347 1854 1507 1907; x_wconf 80' lang='lat' dir='ltr'>simui</span> 
     </span>
     <span class='ocr_line' id='line_1_17' title="bbox 486 1934 1507 2008; baseline -0.006 -17"><span class='ocrx_word' id='word_1_92' title='bbox 486 1951 664 1991; x_wconf 82' lang='lat' dir='ltr'>monet</span> <span class='ocrx_word' id='word_1_93' title='bbox 682 1974 698 1998; x_wconf 88' lang='lat'>,</span> <span class='ocrx_word' id='word_1_94' title='bbox 745 1936 985 2008; x_wconf 80' lang='lat' dir='ltr'>pluribus</span> <span class='ocrx_word' id='word_1_95' title='bbox 1027 1935 1154 1988; x_wconf 85' lang='lat' dir='ltr'>locis</span> <span class='ocrx_word' id='word_1_96' title='bbox 1197 1934 1385 1988; x_wconf 79' lang='lat' dir='ltr'>Avieni</span> <span class='ocrx_word' id='word_1_97' title='bbox 1432 1934 1507 1986; x_wconf 86' lang='lat' dir='ltr'>ita</span> 
     </span>
     <span class='ocr_line' id='line_1_18' title="bbox 482 2014 1505 2089; baseline -0.01 -17"><span class='ocrx_word' id='word_1_98' title='bbox 482 2036 727 2089; x_wconf 80' lang='lat' dir='ltr'>peccasse</span> <span class='ocrx_word' id='word_1_99' title='bbox 752 2014 1027 2079; x_wconf 83' lang='lat' dir='ltr'>librarios,</span> <span class='ocrx_word' id='word_1_100' title='bbox 1065 2025 1124 2067; x_wconf 86' lang='lat' dir='ltr'>nt</span> <span class='ocrx_word' id='word_1_101' title='bbox 1156 2030 1246 2066; x_wconf 78' lang='lat' dir='ltr'>aue</span> <span class='ocrx_word' id='word_1_102' title='bbox 1278 2034 1377 2086; x_wconf 91' lang='lat' dir='ltr'>pro</span> <span class='ocrx_word' id='word_1_103' title='bbox 1415 2033 1505 2064; x_wconf 80' lang='lat' dir='ltr'>au-</span> 
     </span>
     <span class='ocr_line' id='line_1_19' title="bbox 479 2093 1510 2151; baseline 0 -4"><span class='ocrx_word' id='word_1_104' title='bbox 479 2113 574 2149; x_wconf 80' lang='lat' dir='ltr'>tem</span> <span class='ocrx_word' id='word_1_105' title='bbox 599 2106 890 2151; x_wconf 84' lang='lat' dir='ltr'>exararent.</span> <span class='ocrx_word' id='word_1_106' title='bbox 920 2094 1122 2147; x_wconf 77' lang='lat' dir='ltr'>Eodem</span> <span class='ocrx_word' id='word_1_107' title='bbox 1148 2093 1268 2147; x_wconf 88' lang='lat' dir='ltr'>loco</span> <span class='ocrx_word' id='word_1_108' title='bbox 1298 2093 1510 2147; x_wconf 77' lang='lat' dir='ltr'>Hudso·</span> 
     </span>
     <span class='ocr_line' id='line_1_20' title="bbox 481 2172 1511 2245; baseline -0.003 -17"><span class='ocrx_word' id='word_1_109' title='bbox 481 2196 606 2229; x_wconf 84' lang='lat' dir='ltr'>num</span> <span class='ocrx_word' id='word_1_110' title='bbox 629 2174 853 2245; x_wconf 83' lang='lat' dir='ltr'>castigat</span> <span class='ocrx_word' id='word_1_111' title='bbox 869 2210 886 2237; x_wconf 89' lang='lat'>,</span> <span class='ocrx_word' id='word_1_112' title='bbox 921 2172 1068 2243; x_wconf 87' lang='lat' dir='ltr'>quod</span> <span class='ocrx_word' id='word_1_113' title='bbox 1099 2174 1273 2243; x_wconf 82' lang='lat' dir='ltr'>legere</span> <span class='ocrx_word' id='word_1_114' title='bbox 1295 2172 1511 2243; x_wconf 81' lang='lat' dir='ltr'>jusserit</span> 
     </span>
     <span class='ocr_line' id='line_1_21' title="bbox 481 2250 1509 2311; baseline -0.003 -5"><span class='ocrx_word' id='word_1_115' title='bbox 481 2258 618 2306; x_wconf 71' lang='lat' dir='ltr'>haud</span> <span class='ocrx_word' id='word_1_116' title='bbox 633 2256 833 2305; x_wconf 73' lang='lat' dir='ltr'>hastilia</span> <span class='ocrx_word' id='word_1_117' title='bbox 859 2256 1049 2311; x_wconf 76' lang='lat' dir='ltr'>vibrat,</span> <span class='ocrx_word' id='word_1_118' title='bbox 1081 2252 1150 2304; x_wconf 80' lang='lat' dir='ltr'>ita</span> <span class='ocrx_word' id='word_1_119' title='bbox 1175 2250 1384 2305; x_wconf 79' lang='lat' dir='ltr'>Parthis</span> <span class='ocrx_word' id='word_1_120' title='bbox 1412 2252 1509 2303; x_wconf 87' lang='lat' dir='ltr'>im-</span> 
     </span>
     <span class='ocr_line' id='line_1_22' title="bbox 483 2328 1510 2405; baseline -0.002 -19"><span class='ocrx_word' id='word_1_121' title='bbox 483 2331 778 2405; x_wconf 86' lang='lat' dir='ltr'>prudenter</span> <span class='ocrx_word' id='word_1_122' title='bbox 801 2330 1029 2401; x_wconf 88' lang='lat' dir='ltr'>eripiens</span> <span class='ocrx_word' id='word_1_123' title='bbox 1056 2328 1293 2395; x_wconf 82' lang='lat' dir='ltr'>hastilia,</span> <span class='ocrx_word' id='word_1_124' title='bbox 1311 2330 1510 2400; x_wconf 85' lang='lat' dir='ltr'>quibus</span> 
     </span>
     <span class='ocr_line' id='line_1_23' title="bbox 483 2409 1507 2484; baseline -0.001 -20"><span class='ocrx_word' id='word_1_125' title='bbox 483 2411 770 2484; x_wconf 80' lang='lat' dir='ltr'>Dionysius</span> <span class='ocrx_word' id='word_1_126' title='bbox 805 2409 921 2463; x_wconf 87' lang='lat' dir='ltr'>illos</span> <span class='ocrx_word' id='word_1_127' title='bbox 961 2409 1206 2462; x_wconf 81' lang='lat' dir='ltr'>instruxit</span> <span class='ocrx_word' id='word_1_128' title='bbox 1241 2429 1316 2460; x_wconf 86' lang='lat' dir='ltr'>vs.</span> <span class='ocrx_word' id='word_1_129' title='bbox 1351 2409 1507 2473; x_wconf 75' lang='lat'><strong>1045.</strong></span> 
     </span>
     <span class='ocr_line' id='line_1_24' title="bbox 483 2487 1509 2560; baseline -0.002 -16"><span class='ocrx_word' id='word_1_130' title='bbox 483 2491 668 2546; x_wconf 82' lang='lat' dir='ltr'>Utitur</span> <span class='ocrx_word' id='word_1_131' title='bbox 685 2498 754 2560; x_wconf 78' lang='grc' dir='ltr'>τῷ</span> <span class='ocrx_word' id='word_1_132' title='bbox 783 2506 942 2541; x_wconf 78' lang='lat' dir='ltr'>autem</span> <span class='ocrx_word' id='word_1_133' title='bbox 969 2487 1160 2560; x_wconf 67' lang='lat' dir='ltr'>sepius</span> <span class='ocrx_word' id='word_1_134' title='bbox 1182 2489 1416 2543; x_wconf 82' lang='lat' dir='ltr'>Avienus</span> <span class='ocrx_word' id='word_1_135' title='bbox 1440 2489 1509 2542; x_wconf 85' lang='lat' dir='ltr'>ad</span> 
     </span>
     <span class='ocr_line' id='line_1_25' title="bbox 477 2567 1509 2641; baseline -0.002 -18"><span class='ocrx_word' id='word_1_136' title='bbox 477 2570 864 2624; x_wconf 79' lang='lat' dir='ltr'>connexionem</span> <span class='ocrx_word' id='word_1_137' title='bbox 951 2567 1509 2641; x_wconf 84' lang='lat' dir='ltr'>continuationemque</span> 
     </span>
     <span class='ocr_line' id='line_1_26' title="bbox 481 2647 1510 2718; baseline -0.002 -15"><span class='ocrx_word' id='word_1_138' title='bbox 481 2668 698 2713; x_wconf 84' lang='lat' dir='ltr'>rerum,</span> <span class='ocrx_word' id='word_1_139' title='bbox 743 2661 802 2701; x_wconf 88' lang='lat' dir='ltr'>ut</span> <span class='ocrx_word' id='word_1_140' title='bbox 827 2667 906 2700; x_wconf 75' lang='lat' dir='ltr'>vs.</span> <span class='ocrx_word' id='word_1_141' title='bbox 934 2647 1067 2708; x_wconf 76' lang='lat'>265,</span> <span class='ocrx_word' id='word_1_142' title='bbox 1112 2648 1242 2714; x_wconf 83' lang='grc'>438,</span> <span class='ocrx_word' id='word_1_143' title='bbox 1280 2649 1385 2718; x_wconf 83' lang='grc'>780</span> <span class='ocrx_word' id='word_1_144' title='bbox 1405 2686 1422 2712; x_wconf 91' lang='grc'><strong><em>,</em></strong></span> <span class='ocrx_word' id='word_1_145' title='bbox 1456 2659 1510 2701; x_wconf 87' lang='lat' dir='ltr'>et</span> 
     </span>
     <span class='ocr_line' id='line_1_27' title="bbox 483 2727 1048 2792; baseline -0.005 -9"><span class='ocrx_word' id='word_1_146' title='bbox 483 2729 578 2783; x_wconf 86' lang='lat' dir='ltr'>Or.</span> <span class='ocrx_word' id='word_1_147' title='bbox 606 2747 736 2782; x_wconf 85' lang='lat' dir='ltr'>mar.</span> <span class='ocrx_word' id='word_1_148' title='bbox 764 2731 858 2781; x_wconf 79' lang='lat'>162</span> <span class='ocrx_word' id='word_1_149' title='bbox 877 2766 894 2792; x_wconf 85' lang='lat'>,</span> <span class='ocrx_word' id='word_1_150' title='bbox 926 2727 1048 2781; x_wconf 80' lang='lat'><strong>538.</strong></span> 
     </span>
    </p>

    <p class='ocr_par' dir='ltr' id='par_1_5' title="bbox 477 2804 1517 3110">
     <span class='ocr_line' id='line_1_28' title="bbox 557 2804 1517 2878; baseline 0 -18"><span class='ocrx_word' id='word_1_151' title='bbox 557 2817 707 2873; x_wconf 70' lang='lat'><strong>1242.</strong></span> <span class='ocrx_word' id='word_1_152' title='bbox 747 2811 926 2878; x_wconf 58' lang='lat' dir='ltr'>Letifer-</span> <span class='ocrx_word' id='word_1_153' title='bbox 956 2829 1117 2860; x_wconf 69' lang='lat' dir='ltr'>araas.</span> <span class='ocrx_word' id='word_1_154' title='bbox 1149 2807 1360 2860; x_wconf 80' lang='lat' dir='ltr'>Tritum</span> <span class='ocrx_word' id='word_1_155' title='bbox 1399 2804 1517 2872; x_wconf 62' lang='lat' dir='ltr'>hoc,</span> 
     </span>
     <span class='ocr_line' id='line_1_29' title="bbox 481 2883 1509 2959; baseline -0.004 -18"><span class='ocrx_word' id='word_1_156' title='bbox 481 2901 533 2942; x_wconf 81' lang='lat' dir='ltr'>et</span> <span class='ocrx_word' id='word_1_157' title='bbox 568 2891 816 2959; x_wconf 73' lang='lat' dir='ltr'>frequens</span> <span class='ocrx_word' id='word_1_158' title='bbox 856 2887 1128 2958; x_wconf 78' lang='lat' dir='ltr'>epitheton</span> <span class='ocrx_word' id='word_1_159' title='bbox 1173 2899 1326 2940; x_wconf 75' lang='lat' dir='ltr'>arcus</span> <span class='ocrx_word' id='word_1_160' title='bbox 1362 2883 1509 2957; x_wconf 86' lang='lat' dir='ltr'>apud</span> 
     </span>
     <span class='ocr_line' id='line_1_30' title="bbox 481 2965 1506 3038; baseline -0.001 -20"><span class='ocrx_word' id='word_1_161' title='bbox 481 2978 663 3038; x_wconf 83' lang='lat' dir='ltr'>poetas</span> <span class='ocrx_word' id='word_1_162' title='bbox 681 3005 698 3031; x_wconf 92' lang='lat'>,</span> <span class='ocrx_word' id='word_1_163' title='bbox 725 2965 873 3036; x_wconf 75' lang='lat' dir='ltr'>Vix-g.</span> <span class='ocrx_word' id='word_1_164' title='bbox 897 2967 1016 3018; x_wconf 78' lang='lat' dir='ltr'>AEn.</span> <span class='ocrx_word' id='word_1_165' title='bbox 1035 2965 1118 3032; x_wconf 83' lang='lat' dir='ltr'>X,</span> <span class='ocrx_word' id='word_1_166' title='bbox 1157 2967 1226 3032; x_wconf 83' lang='lat'>69</span> <span class='ocrx_word' id='word_1_167' title='bbox 1248 2982 1265 3028; x_wconf 88' lang='lat'>;</span> <span class='ocrx_word' id='word_1_168' title='bbox 1299 2965 1506 3017; x_wconf 86' lang='lat' dir='ltr'>Lucan.</span> 
     </span>
     <span class='ocr_line' id='line_1_31' title="bbox 477 3042 1482 3110; baseline -0.006 -11"><span class='ocrx_word' id='word_1_169' title='bbox 477 3045 598 3110; x_wconf 79' lang='grc' dir='ltr'><strong>ΙΙΙ,</strong></span> <span class='ocrx_word' id='word_1_170' title='bbox 625 3043 724 3105; x_wconf 79' lang='grc' dir='ltr'>5ος</span> <span class='ocrx_word' id='word_1_171' title='bbox 750 3043 872 3096; x_wconf 85' lang='lat' dir='ltr'>Val.</span> <span class='ocrx_word' id='word_1_172' title='bbox 903 3043 1077 3096; x_wconf 83' lang='lat' dir='ltr'>Flacc.</span> <span class='ocrx_word' id='word_1_173' title='bbox 1107 3043 1209 3108; x_wconf 82' lang='lat' dir='ltr'>IV,</span> <span class='ocrx_word' id='word_1_174' title='bbox 1242 3042 1363 3107; x_wconf 69' lang='lat'>524.</span> <span class='ocrx_word' id='word_1_175' title='bbox 1384 3042 1482 3097; x_wconf 90' lang='lat' dir='ltr'>W.</span> 
     </span>
    </p>

    <p class='ocr_par' dir='ltr' id='par_1_6' title="bbox 483 3122 1518 3982">
     <span class='ocr_line' id='line_1_32' title="bbox 561 3122 1510 3190; baseline -0.003 -14"><span class='ocrx_word' id='word_1_176' title='bbox 561 3122 712 3185; x_wconf 73' lang='lat'><strong>1243.</strong></span> <span class='ocrx_word' id='word_1_177' title='bbox 744 3126 918 3190; x_wconf 75' lang='lat' dir='ltr'>Neque</span> <span class='ocrx_word' id='word_1_178' title='bbox 940 3142 1036 3189; x_wconf 82' lang='lat' dir='ltr'>per</span> <span class='ocrx_word' id='word_1_179' title='bbox 1061 3125 1352 3190; x_wconf 73' lang='lat' dir='ltr'>compendia</span> <span class='ocrx_word' id='word_1_180' title='bbox 1373 3126 1510 3174; x_wconf 78' lang='lat' dir='ltr'>diras</span> 
     </span>
     <span class='ocr_line' id='line_1_33' title="bbox 487 3201 1509 3272; baseline -0.003 -15"><span class='ocrx_word' id='word_1_181' title='bbox 487 3205 766 3257; x_wconf 78' lang='lat' dir='ltr'>Pmdueeme</span> <span class='ocrx_word' id='word_1_182' title='bbox 785 3203 1002 3253; x_wconf 76' lang='lat' dir='ltr'>animas.</span> <span class='ocrx_word' id='word_1_183' title='bbox 1032 3201 1134 3254; x_wconf 78' lang='lat' dir='ltr'>Per</span> <span class='ocrx_word' id='word_1_184' title='bbox 1165 3201 1509 3272; x_wconf 78' lang='lat' dir='ltr'>compendia,</span> 
     </span>
     <span class='ocr_line' id='line_1_34' title="bbox 487 3281 1515 3353; baseline -0.002 -17"><span class='ocrx_word' id='word_1_185' title='bbox 487 3285 522 3336; x_wconf 91' lang='lat' dir='ltr'>i.</span> <span class='ocrx_word' id='word_1_186' title='bbox 567 3302 614 3335; x_wconf 89' lang='lat' dir='ltr'>e.</span> <span class='ocrx_word' id='word_1_187' title='bbox 651 3299 749 3353; x_wconf 88' lang='lat' dir='ltr'>per</span> <span class='ocrx_word' id='word_1_188' title='bbox 789 3281 934 3332; x_wconf 89' lang='lat' dir='ltr'>lucra</span> <span class='ocrx_word' id='word_1_189' title='bbox 993 3299 1024 3333; x_wconf 92' lang='lat' dir='ltr'>e</span> <span class='ocrx_word' id='word_1_190' title='bbox 1083 3281 1440 3344; x_wconf 73' lang='lat' dir='ltr'>commerciis,</span> <span class='ocrx_word' id='word_1_191' title='bbox 1483 3301 1515 3334; x_wconf 93' lang='lat' dir='ltr'>e</span> 
     </span>
     <span class='ocr_line' id='line_1_35' title="bbox 483 3358 1513 3431; baseline -0.002 -16"><span class='ocrx_word' id='word_1_192' title='bbox 483 3362 633 3415; x_wconf 80' lang='lat' dir='ltr'>cultu</span> <span class='ocrx_word' id='word_1_193' title='bbox 653 3359 768 3431; x_wconf 77' lang='lat' dir='ltr'>agri</span> <span class='ocrx_word' id='word_1_194' title='bbox 799 3371 854 3412; x_wconf 87' lang='lat' dir='ltr'>et</span> <span class='ocrx_word' id='word_1_195' title='bbox 884 3358 1212 3431; x_wconf 82' lang='lat' dir='ltr'>pastionibus</span> <span class='ocrx_word' id='word_1_196' title='bbox 1242 3359 1513 3430; x_wconf 81' lang='lat' dir='ltr'>capienda.</span> 
     </span>
     <span class='ocr_line' id='line_1_36' title="bbox 487 3437 1510 3507; baseline 0 -15"><span class='ocrx_word' id='word_1_197' title='bbox 487 3441 684 3494; x_wconf 83' lang='lat' dir='ltr'>Probat</span> <span class='ocrx_word' id='word_1_198' title='bbox 709 3438 910 3492; x_wconf 84' lang='lat' dir='ltr'>Tibulli</span> <span class='ocrx_word' id='word_1_199' title='bbox 937 3439 1110 3501; x_wconf 86' lang='lat' dir='ltr'>locus,</span> <span class='ocrx_word' id='word_1_200' title='bbox 1137 3437 1182 3499; x_wconf 87' lang='lat'>1,</span> <span class='ocrx_word' id='word_1_201' title='bbox 1215 3438 1276 3505; x_wconf 85' lang='lat'>3,</span> <span class='ocrx_word' id='word_1_202' title='bbox 1301 3456 1378 3491; x_wconf 81' lang='lat' dir='ltr'>vs.</span> <span class='ocrx_word' id='word_1_203' title='bbox 1400 3439 1468 3507; x_wconf 84' lang='lat'>39</span> <span class='ocrx_word' id='word_1_204' title='bbox 1496 3458 1510 3492; x_wconf 74' lang='grc' dir='ltr'><strong><em>ε</em></strong></span> 
     </span>
     <span class='ocr_line' id='line_1_37' title="bbox 486 3517 1515 3590; baseline -0.001 -18"><span class='ocrx_word' id='word_1_205' title='bbox 486 3545 512 3565; x_wconf 71' lang='grc' dir='ltr'><em>α</em></span> <span class='ocrx_word' id='word_1_206' title='bbox 531 3521 642 3572; x_wconf 82' lang='lat' dir='ltr'>Nec</span> <span class='ocrx_word' id='word_1_207' title='bbox 669 3536 836 3589; x_wconf 74' lang='lat' dir='ltr'>vagus</span> <span class='ocrx_word' id='word_1_208' title='bbox 862 3517 1055 3588; x_wconf 77' lang='lat' dir='ltr'>ignotis</span> <span class='ocrx_word' id='word_1_209' title='bbox 1091 3528 1335 3590; x_wconf 82' lang='lat' dir='ltr'>repetens</span> <span class='ocrx_word' id='word_1_210' title='bbox 1365 3537 1515 3571; x_wconf 84' lang='lat' dir='ltr'>com·</span> 
     </span>
     <span class='ocr_line' id='line_1_38' title="bbox 485 3595 1518 3669; baseline 0.002 -20"><span class='ocrx_word' id='word_1_211' title='bbox 485 3595 676 3669; x_wconf 82' lang='lat' dir='ltr'>pendia</span> <span class='ocrx_word' id='word_1_212' title='bbox 706 3595 858 3649; x_wconf 86' lang='lat' dir='ltr'>terris</span> <span class='ocrx_word' id='word_1_213' title='bbox 885 3595 1146 3650; x_wconf 81' lang='lat' dir='ltr'>Presserat.</span> <span class='ocrx_word' id='word_1_214' title='bbox 1173 3609 1389 3649; x_wconf 84' lang='lat' dir='ltr'>externa</span> <span class='ocrx_word' id='word_1_215' title='bbox 1425 3617 1518 3652; x_wconf 86' lang='lat' dir='ltr'>na·</span> 
     </span>
     <span class='ocr_line' id='line_1_39' title="bbox 485 3675 1515 3732; baseline 0.005 -6"><span class='ocrx_word' id='word_1_216' title='bbox 485 3676 588 3730; x_wconf 75' lang='lat' dir='ltr'>vita</span> <span class='ocrx_word' id='word_1_217' title='bbox 645 3692 821 3726; x_wconf 84' lang='lat' dir='ltr'>merce</span> <span class='ocrx_word' id='word_1_218' title='bbox 873 3686 1038 3728; x_wconf 85' lang='lat' dir='ltr'>ratem</span> <span class='ocrx_word' id='word_1_219' title='bbox 1073 3701 1113 3726; x_wconf 78' lang='grc' dir='ltr'>ι.</span> <span class='ocrx_word' id='word_1_220' title='bbox 1164 3676 1316 3730; x_wconf 83' lang='lat' dir='ltr'>Idem</span> <span class='ocrx_word' id='word_1_221' title='bbox 1369 3675 1515 3732; x_wconf 83' lang='lat' dir='ltr'>dicta</span> 
     </span>
     <span class='ocr_line' id='line_1_40' title="bbox 485 3751 1513 3828; baseline 0.002 -21"><span class='ocrx_word' id='word_1_222' title='bbox 485 3751 924 3825; x_wconf 83' lang='lat' dir='ltr'>compendiorum</span> <span class='ocrx_word' id='word_1_223' title='bbox 954 3772 1144 3825; x_wconf 75' lang='lat' dir='ltr'>genera</span> <span class='ocrx_word' id='word_1_224' title='bbox 1165 3755 1321 3810; x_wconf 85' lang='lat' dir='ltr'>latius</span> <span class='ocrx_word' id='word_1_225' title='bbox 1348 3757 1513 3828; x_wconf 85' lang='lat' dir='ltr'>expli-</span> 
     </span>
     <span class='ocr_line' id='line_1_41' title="bbox 490 3833 1513 3906; baseline 0.005 -22"><span class='ocrx_word' id='word_1_226' title='bbox 490 3843 574 3885; x_wconf 82' lang='lat' dir='ltr'>cat</span> <span class='ocrx_word' id='word_1_227' title='bbox 592 3833 621 3884; x_wconf 94' lang='lat'>1</span> <span class='ocrx_word' id='word_1_228' title='bbox 640 3872 657 3898; x_wconf 87' lang='lat'>,</span> <span class='ocrx_word' id='word_1_229' title='bbox 684 3849 746 3898; x_wconf 85' lang='lat'>9,</span> <span class='ocrx_word' id='word_1_230' title='bbox 776 3847 808 3900; x_wconf 90' lang='lat'>7</span> <span class='ocrx_word' id='word_1_231' title='bbox 834 3849 942 3902; x_wconf 86' lang='lat' dir='ltr'>seq.</span> <span class='ocrx_word' id='word_1_232' title='bbox 967 3858 995 3878; x_wconf 70' lang='grc' dir='ltr'><strong>α</strong></span> <span class='ocrx_word' id='word_1_233' title='bbox 1019 3835 1188 3887; x_wconf 86' lang='lat' dir='ltr'>Lucra</span> <span class='ocrx_word' id='word_1_234' title='bbox 1211 3846 1396 3906; x_wconf 86' lang='lat' dir='ltr'>petens</span> <span class='ocrx_word' id='word_1_235' title='bbox 1413 3836 1513 3888; x_wconf 85' lang='lat' dir='ltr'>ba·</span> 
     </span>
     <span class='ocr_line' id='line_1_42' title="bbox 489 3906 1513 3982; baseline 0.006 -20"><span class='ocrx_word' id='word_1_236' title='bbox 489 3911 586 3963; x_wconf 86' lang='lat' dir='ltr'>bili</span> <span class='ocrx_word' id='word_1_237' title='bbox 623 3921 802 3962; x_wconf 81' lang='lat' dir='ltr'>tauros</span> <span class='ocrx_word' id='word_1_238' title='bbox 840 3906 1080 3982; x_wconf 77' lang='lat' dir='ltr'>adjungit</span> <span class='ocrx_word' id='word_1_239' title='bbox 1117 3926 1372 3967; x_wconf 83' lang='lat' dir='ltr'>aratro...</span> <span class='ocrx_word' id='word_1_240' title='bbox 1404 3915 1513 3968; x_wconf 87' lang='lat' dir='ltr'>Lu-</span> 
     </span>
    </p>
   </div>
   <div class='ocr_carea' id='block_1_5' title="bbox 1596 1377 2701 2798">
    <p class='ocr_par' dir='ltr' id='par_1_7' title="bbox 1600 1377 2629 1527">
     <span class='ocr_line' id='line_1_43' title="bbox 1600 1377 2629 1449; baseline 0.001 -20"><span class='ocrx_word' id='word_1_241' title='bbox 1600 1377 1714 1449; x_wconf 73' lang='lat' dir='ltr'>gnis</span> <span class='ocrx_word' id='word_1_242' title='bbox 1738 1378 1888 1431; x_wconf 82' lang='lat' dir='ltr'>iocus</span> <span class='ocrx_word' id='word_1_243' title='bbox 1912 1378 2151 1442; x_wconf 85' lang='lat' dir='ltr'>Manilii,</span> <span class='ocrx_word' id='word_1_244' title='bbox 2181 1377 2274 1432; x_wconf 85' lang='lat' dir='ltr'>lib.</span> <span class='ocrx_word' id='word_1_245' title='bbox 2298 1380 2401 1441; x_wconf 78' lang='lat' dir='ltr'>IV,</span> <span class='ocrx_word' id='word_1_246' title='bbox 2420 1398 2475 1432; x_wconf 73' lang='lat' dir='ltr'>v.</span> <span class='ocrx_word' id='word_1_247' title='bbox 2506 1382 2629 1449; x_wconf 81' lang='lat'>167-</span> 
     </span>
     <span class='ocr_line' id='line_1_44' title="bbox 1607 1456 1843 1527; baseline 0.013 -19"><span class='ocrx_word' id='word_1_248' title='bbox 1607 1457 1721 1527; x_wconf 88' lang='lat'><strong>175.</strong></span> <span class='ocrx_word' id='word_1_249' title='bbox 1742 1456 1843 1511; x_wconf 91' lang='lat' dir='ltr'>W.</span> 
     </span>
    </p>

    <p class='ocr_par' dir='ltr' id='par_1_8' title="bbox 1596 1541 2701 1989">
     <span class='ocr_line' id='line_1_45' title="bbox 1678 1541 2625 1600; baseline 0.004 -13"><span class='ocrx_word' id='word_1_250' title='bbox 1678 1543 1829 1600; x_wconf 77' lang='grc' dir='ltr'>η44.</span> <span class='ocrx_word' id='word_1_251' title='bbox 1874 1541 2025 1589; x_wconf 80' lang='lat' dir='ltr'>Diras</span> <span class='ocrx_word' id='word_1_252' title='bbox 2075 1542 2359 1590; x_wconf 79' lang='lat' dir='ltr'>Pmducum</span> <span class='ocrx_word' id='word_1_253' title='bbox 2414 1542 2625 1591; x_wconf 75' lang='lat' dir='ltr'>aninam.</span> 
     </span>
     <span class='ocr_line' id='line_1_46' title="bbox 1600 1615 2629 1685; baseline 0.003 -17"><span class='ocrx_word' id='word_1_254' title='bbox 1600 1615 1733 1669; x_wconf 86' lang='lat' dir='ltr'>Tale</span> <span class='ocrx_word' id='word_1_255' title='bbox 1752 1628 1832 1669; x_wconf 86' lang='lat' dir='ltr'>est</span> <span class='ocrx_word' id='word_1_256' title='bbox 1856 1636 1932 1670; x_wconf 76' lang='lat' dir='ltr'>vs.</span> <span class='ocrx_word' id='word_1_257' title='bbox 1964 1636 2102 1685; x_wconf 76' lang='lat'><strong>920:</strong></span> <span class='ocrx_word' id='word_1_258' title='bbox 2127 1644 2151 1664; x_wconf 76' lang='grc' dir='ltr'>σι</span> <span class='ocrx_word' id='word_1_259' title='bbox 2170 1618 2404 1671; x_wconf 84' lang='lat' dir='ltr'>animam</span> <span class='ocrx_word' id='word_1_260' title='bbox 2424 1630 2629 1671; x_wconf 76' lang='lat' dir='ltr'>traxere</span> 
     </span>
     <span class='ocr_line' id='line_1_47' title="bbox 1599 1695 2701 1767; baseline 0 -21"><span class='ocrx_word' id='word_1_261' title='bbox 1599 1695 1821 1747; x_wconf 78' lang='lat' dir='ltr'>ferinam</span> <span class='ocrx_word' id='word_1_262' title='bbox 1844 1714 1901 1758; x_wconf 79' lang='lat'>-3</span> <span class='ocrx_word' id='word_1_263' title='bbox 1954 1708 2006 1749; x_wconf 85' lang='lat' dir='ltr'>et</span> <span class='ocrx_word' id='word_1_264' title='bbox 2042 1716 2123 1749; x_wconf 83' lang='lat' dir='ltr'>vs.</span> <span class='ocrx_word' id='word_1_265' title='bbox 2164 1700 2331 1767; x_wconf 83' lang='lat'>1039:</span> <span class='ocrx_word' id='word_1_266' title='bbox 2384 1724 2407 1746; x_wconf 79' lang='grc' dir='ltr'>ι</span> <span class='ocrx_word' id='word_1_267' title='bbox 2426 1708 2628 1751; x_wconf 80' lang='lat' dir='ltr'>secreto</span> <span class='ocrx_word' id='word_1_268' title='bbox 2693 1757 2701 1766; x_wconf 40' lang='grc'><em>,</em></span> 
     </span>
     <span class='ocr_line' id='line_1_48' title="bbox 1598 1774 2627 1847; baseline 0.002 -23"><span class='ocrx_word' id='word_1_269' title='bbox 1598 1774 1757 1827; x_wconf 81' lang='lat' dir='ltr'>vitam</span> <span class='ocrx_word' id='word_1_270' title='bbox 1786 1785 2113 1847; x_wconf 76' lang='lat' dir='ltr'>protraxerat</span> <span class='ocrx_word' id='word_1_271' title='bbox 2142 1794 2275 1847; x_wconf 78' lang='lat' dir='ltr'>agro</span> <span class='ocrx_word' id='word_1_272' title='bbox 2291 1801 2333 1827; x_wconf 73' lang='lat' dir='ltr'>n.</span> <span class='ocrx_word' id='word_1_273' title='bbox 2352 1774 2437 1829; x_wconf 82' lang='lat' dir='ltr'>Sic</span> <span class='ocrx_word' id='word_1_274' title='bbox 2468 1775 2627 1847; x_wconf 83' lang='lat' dir='ltr'>plane</span> 
     </span>
     <span class='ocr_line' id='line_1_49' title="bbox 1596 1854 2626 1922; baseline 0 -17"><span class='ocrx_word' id='word_1_275' title='bbox 1596 1854 1790 1905; x_wconf 84' lang='lat' dir='ltr'>Juven.</span> <span class='ocrx_word' id='word_1_276' title='bbox 1812 1854 1932 1919; x_wconf 86' lang='lat' dir='ltr'>XV,</span> <span class='ocrx_word' id='word_1_277' title='bbox 1953 1854 2054 1922; x_wconf 80' lang='lat'>93:</span> <span class='ocrx_word' id='word_1_278' title='bbox 2100 1878 2125 1901; x_wconf 71' lang='grc' dir='ltr'>ι</span> <span class='ocrx_word' id='word_1_279' title='bbox 2148 1854 2415 1907; x_wconf 70' lang='lat' dir='ltr'>alimentis</span> <span class='ocrx_word' id='word_1_280' title='bbox 2436 1854 2626 1906; x_wconf 80' lang='lat' dir='ltr'>talibus</span> 
     </span>
     <span class='ocr_line' id='line_1_50' title="bbox 1599 1932 2484 1989; baseline 0.003 -5"><span class='ocrx_word' id='word_1_281' title='bbox 1599 1932 1727 1985; x_wconf 89' lang='lat' dir='ltr'>olim</span> <span class='ocrx_word' id='word_1_282' title='bbox 1756 1932 2057 1986; x_wconf 83' lang='lat' dir='ltr'>Produxere</span> <span class='ocrx_word' id='word_1_283' title='bbox 2079 1934 2281 1987; x_wconf 85' lang='lat' dir='ltr'>animas</span> <span class='ocrx_word' id='word_1_284' title='bbox 2302 1960 2347 1987; x_wconf 70' lang='grc' dir='ltr'>υ.</span> <span class='ocrx_word' id='word_1_285' title='bbox 2384 1934 2484 1989; x_wconf 88' lang='lat' dir='ltr'>W.</span> 
     </span>
    </p>

    <p class='ocr_par' dir='ltr' id='par_1_9' title="bbox 1600 2013 2633 2145">
     <span class='ocr_line' id='line_1_51' title="bbox 1677 2013 2633 2085; baseline -0.002 -20"><span class='ocrx_word' id='word_1_286' title='bbox 1677 2013 1831 2076; x_wconf 68' lang='lat'><strong>1245.</strong></span> <span class='ocrx_word' id='word_1_287' title='bbox 1872 2018 1986 2065; x_wconf 77' lang='lat' dir='ltr'>Non</span> <span class='ocrx_word' id='word_1_288' title='bbox 2023 2017 2169 2081; x_wconf 77' lang='lat' dir='ltr'>proin</span> <span class='ocrx_word' id='word_1_289' title='bbox 2211 2032 2309 2085; x_wconf 89' lang='lat' dir='ltr'>pro</span> <span class='ocrx_word' id='word_1_290' title='bbox 2348 2028 2447 2067; x_wconf 74' lang='lat' dir='ltr'>nou</span> <span class='ocrx_word' id='word_1_291' title='bbox 2476 2018 2633 2082; x_wconf 77' lang='lat' dir='ltr'>proni</span> 
     </span>
     <span class='ocr_line' id='line_1_52' title="bbox 1600 2090 2147 2145; baseline 0 0"><span class='ocrx_word' id='word_1_292' title='bbox 1600 2090 1717 2145; x_wconf 86' lang='lat' dir='ltr'>cod.</span> <span class='ocrx_word' id='word_1_293' title='bbox 1742 2091 1908 2145; x_wconf 84' lang='lat' dir='ltr'>Ortel.</span> <span class='ocrx_word' id='word_1_294' title='bbox 1934 2104 1985 2145; x_wconf 88' lang='lat' dir='ltr'>et</span> <span class='ocrx_word' id='word_1_295' title='bbox 2013 2093 2147 2145; x_wconf 88' lang='lat' dir='ltr'>Ven.</span> 
     </span>
    </p>

    <p class='ocr_par' dir='ltr' id='par_1_10' title="bbox 1599 2173 2629 2798">
     <span class='ocr_line' id='line_1_53' title="bbox 1678 2173 2629 2240; baseline 0.001 -19"><span class='ocrx_word' id='word_1_296' title='bbox 1678 2173 1828 2234; x_wconf 72' lang='lat'><strong>1246.</strong></span> <span class='ocrx_word' id='word_1_297' title='bbox 1867 2174 1968 2221; x_wconf 65' lang='lat' dir='ltr'>Sed</span> <span class='ocrx_word' id='word_1_298' title='bbox 1999 2176 2160 2239; x_wconf 78' lang='lat' dir='ltr'>quatit</span> <span class='ocrx_word' id='word_1_299' title='bbox 2202 2175 2465 2239; x_wconf 76' lang='lat' dir='ltr'>alipedum.</span> <span class='ocrx_word' id='word_1_300' title='bbox 2496 2178 2629 2240; x_wconf 80' lang='lat' dir='ltr'>Qua-</span> 
     </span>
     <span class='ocr_line' id='line_1_54' title="bbox 1600 2248 2626 2324; baseline 0 -23"><span class='ocrx_word' id='word_1_301' title='bbox 1600 2264 1701 2301; x_wconf 78' lang='lat' dir='ltr'>tere</span> <span class='ocrx_word' id='word_1_302' title='bbox 1719 2249 1937 2322; x_wconf 85' lang='lat' dir='ltr'>proprie</span> <span class='ocrx_word' id='word_1_303' title='bbox 1963 2248 2030 2302; x_wconf 88' lang='lat' dir='ltr'>de</span> <span class='ocrx_word' id='word_1_304' title='bbox 2058 2252 2339 2324; x_wconf 81' lang='lat' dir='ltr'>equitibus.</span> <span class='ocrx_word' id='word_1_305' title='bbox 2359 2250 2485 2304; x_wconf 81' lang='lat' dir='ltr'>Vid.</span> <span class='ocrx_word' id='word_1_306' title='bbox 2515 2263 2626 2303; x_wconf 89' lang='lat' dir='ltr'>not.</span> 
     </span>
     <span class='ocr_line' id='line_1_55' title="bbox 1599 2328 2629 2402; baseline -0.003 -18"><span class='ocrx_word' id='word_1_307' title='bbox 1599 2329 1668 2384; x_wconf 82' lang='lat' dir='ltr'>ad</span> <span class='ocrx_word' id='word_1_308' title='bbox 1713 2331 1834 2394; x_wconf 74' lang='lat'><strong>²84.</strong></span> <span class='ocrx_word' id='word_1_309' title='bbox 1871 2328 2233 2402; x_wconf 84' lang='lat' dir='ltr'>Equitationes</span> <span class='ocrx_word' id='word_1_310' title='bbox 2271 2342 2322 2383; x_wconf 86' lang='lat' dir='ltr'>et</span> <span class='ocrx_word' id='word_1_311' title='bbox 2359 2328 2629 2384; x_wconf 85' lang='lat' dir='ltr'>discursus</span> 
     </span>
     <span class='ocr_line' id='line_1_56' title="bbox 1600 2410 2627 2483; baseline -0.002 -19"><span class='ocrx_word' id='word_1_312' title='bbox 1600 2430 1860 2482; x_wconf 86' lang='lat' dir='ltr'>equorum</span> <span class='ocrx_word' id='word_1_313' title='bbox 1890 2411 2129 2464; x_wconf 83' lang='lat' dir='ltr'>barbaris</span> <span class='ocrx_word' id='word_1_314' title='bbox 2152 2411 2426 2483; x_wconf 77' lang='lat' dir='ltr'>gentibus,</span> <span class='ocrx_word' id='word_1_315' title='bbox 2462 2410 2627 2482; x_wconf 87' lang='lat' dir='ltr'>inpri-</span> 
     </span>
     <span class='ocr_line' id='line_1_57' title="bbox 1600 2489 2629 2562; baseline -0.002 -20"><span class='ocrx_word' id='word_1_316' title='bbox 1600 2491 1807 2562; x_wconf 86' lang='lat' dir='ltr'>misque</span> <span class='ocrx_word' id='word_1_317' title='bbox 1825 2489 2035 2543; x_wconf 85' lang='lat' dir='ltr'>Parthis</span> <span class='ocrx_word' id='word_1_318' title='bbox 2064 2503 2117 2542; x_wconf 92' lang='lat' dir='ltr'>et</span> <span class='ocrx_word' id='word_1_319' title='bbox 2133 2489 2305 2543; x_wconf 80' lang='lat' dir='ltr'>Medis</span> <span class='ocrx_word' id='word_1_320' title='bbox 2327 2490 2629 2562; x_wconf 76' lang='lat' dir='ltr'>frequenter</span> 
     </span>
     <span class='ocr_line' id='line_1_58' title="bbox 1600 2569 2619 2641; baseline 0 -21"><span class='ocrx_word' id='word_1_321' title='bbox 1600 2570 1841 2622; x_wconf 89' lang='lat' dir='ltr'>tribuunt</span> <span class='ocrx_word' id='word_1_322' title='bbox 1864 2579 2048 2641; x_wconf 63' lang='lat' dir='ltr'>poetae.</span> <span class='ocrx_word' id='word_1_323' title='bbox 2072 2570 2273 2622; x_wconf 86' lang='lat' dir='ltr'>Lucan.</span> <span class='ocrx_word' id='word_1_324' title='bbox 2296 2569 2350 2619; x_wconf 92' lang='lat'>11</span> <span class='ocrx_word' id='word_1_325' title='bbox 2366 2605 2384 2632; x_wconf 91' lang='lat'>‚</span> <span class='ocrx_word' id='word_1_326' title='bbox 2421 2587 2500 2621; x_wconf 79' lang='lat' dir='ltr'>vs.</span> <span class='ocrx_word' id='word_1_327' title='bbox 2519 2573 2619 2636; x_wconf 66' lang='lat'>49:</span> 
     </span>
     <span class='ocr_line' id='line_1_59' title="bbox 1601 2647 2629 2702; baseline 0.002 -2"><span class='ocrx_word' id='word_1_328' title='bbox 1601 2647 1985 2702; x_wconf 65' lang='lat' dir='ltr'>«Achaimeniis</span> <span class='ocrx_word' id='word_1_329' title='bbox 2010 2647 2294 2701; x_wconf 85' lang='lat' dir='ltr'>decurrant</span> <span class='ocrx_word' id='word_1_330' title='bbox 2314 2647 2519 2700; x_wconf 79' lang='lat' dir='ltr'>Medica</span> <span class='ocrx_word' id='word_1_331' title='bbox 2534 2647 2629 2702; x_wconf 85' lang='lat' dir='ltr'>su-</span> 
     </span>
     <span class='ocr_line' id='line_1_60' title="bbox 1599 2725 2627 2798; baseline -0.003 -17"><span class='ocrx_word' id='word_1_332' title='bbox 1599 2726 1671 2781; x_wconf 87' lang='lat' dir='ltr'>sis</span> <span class='ocrx_word' id='word_1_333' title='bbox 1688 2726 1913 2798; x_wconf 74' lang='lat' dir='ltr'>Agmina</span> <span class='ocrx_word' id='word_1_334' title='bbox 1938 2744 1999 2790; x_wconf 77' lang='lat'>·;</span> <span class='ocrx_word' id='word_1_335' title='bbox 2030 2726 2235 2780; x_wconf 82' lang='lat' dir='ltr'>etvm</span> <span class='ocrx_word' id='word_1_336' title='bbox 2256 2763 2273 2788; x_wconf 91' lang='lat'>,</span> <span class='ocrx_word' id='word_1_337' title='bbox 2304 2725 2440 2790; x_wconf 70' lang='lat'>324:</span> <span class='ocrx_word' id='word_1_338' title='bbox 2463 2751 2491 2770; x_wconf 73' lang='lat' dir='ltr'>-r</span> <span class='ocrx_word' id='word_1_339' title='bbox 2508 2727 2627 2778; x_wconf 73' lang='lat' dir='ltr'>Ala-</span> 
     </span>
    </p>
   </div>
   <div class='ocr_carea' id='block_1_6' title="bbox 1570 2803 2626 2862">
    <p class='ocr_par' dir='ltr' id='par_1_11' title="bbox 1570 2803 2626 2862">
     <span class='ocr_line' id='line_1_61' title="bbox 1570 2803 2626 2862; baseline -0.006 0"><span class='ocrx_word' id='word_1_340' title='bbox 1570 2825 1699 2862; x_wconf 86' lang='lat' dir='ltr'>·nos</span> <span class='ocrx_word' id='word_1_341' title='bbox 1718 2807 1906 2860; x_wconf 85' lang='lat' dir='ltr'>Passus</span> <span class='ocrx_word' id='word_1_342' title='bbox 1922 2805 2268 2860; x_wconf 59' lang='lat' dir='ltr'>Achemeniis</span> <span class='ocrx_word' id='word_1_343' title='bbox 2294 2804 2398 2857; x_wconf 83' lang='lat' dir='ltr'>late</span> <span class='ocrx_word' id='word_1_344' title='bbox 2424 2803 2626 2856; x_wconf 81' lang='lat' dir='ltr'>discur-</span> 
     </span>
    </p>
   </div>
   <div class='ocr_carea' id='block_1_7' title="bbox 1600 2885 2631 3967">
    <p class='ocr_par' dir='ltr' id='par_1_12' title="bbox 1600 2885 2631 3414">
     <span class='ocr_line' id='line_1_62' title="bbox 1600 2885 2625 2958; baseline -0.005 -18"><span class='ocrx_word' id='word_1_345' title='bbox 1600 2907 1716 2940; x_wconf 86' lang='lat' dir='ltr'>rere</span> <span class='ocrx_word' id='word_1_346' title='bbox 1753 2887 1955 2958; x_wconf 83' lang='lat' dir='ltr'>campis</span> <span class='ocrx_word' id='word_1_347' title='bbox 1981 2912 2023 2938; x_wconf 73' lang='lat' dir='ltr'>n.</span> <span class='ocrx_word' id='word_1_348' title='bbox 2066 2885 2252 2938; x_wconf 82' lang='lat' dir='ltr'>Horat.</span> <span class='ocrx_word' id='word_1_349' title='bbox 2291 2886 2472 2938; x_wconf 86' lang='lat' dir='ltr'>Carm.</span> <span class='ocrx_word' id='word_1_350' title='bbox 2506 2885 2564 2948; x_wconf 87' lang='lat'>1,</span> <span class='ocrx_word' id='word_1_351' title='bbox 2597 2904 2625 2935; x_wconf 76' lang='lat' dir='ltr'>a</span> 
     </span>
     <span class='ocr_line' id='line_1_63' title="bbox 1600 2964 2629 3034; baseline -0.002 -16"><span class='ocrx_word' id='word_1_352' title='bbox 1600 2967 1699 3019; x_wconf 84' lang='lat' dir='ltr'>ult.</span> <span class='ocrx_word' id='word_1_353' title='bbox 1743 2991 1771 3010; x_wconf 72' lang='lat' dir='ltr'>-r</span> <span class='ocrx_word' id='word_1_354' title='bbox 1790 2965 1907 3018; x_wconf 82' lang='lat' dir='ltr'>Neu</span> <span class='ocrx_word' id='word_1_355' title='bbox 1960 2967 2102 3020; x_wconf 87' lang='lat' dir='ltr'>siuas</span> <span class='ocrx_word' id='word_1_356' title='bbox 2152 2965 2341 3018; x_wconf 79' lang='lat' dir='ltr'>Medos</span> <span class='ocrx_word' id='word_1_357' title='bbox 2392 2964 2629 3034; x_wconf 86' lang='lat' dir='ltr'>equitare</span> 
     </span>
     <span class='ocr_line' id='line_1_64' title="bbox 1600 3041 2628 3111; baseline -0.002 -15"><span class='ocrx_word' id='word_1_358' title='bbox 1600 3044 1798 3097; x_wconf 86' lang='lat' dir='ltr'>inultos</span> <span class='ocrx_word' id='word_1_359' title='bbox 1821 3043 1903 3096; x_wconf 86' lang='lat' dir='ltr'>Te</span> <span class='ocrx_word' id='word_1_360' title='bbox 1928 3041 2065 3097; x_wconf 89' lang='lat' dir='ltr'>duce</span> <span class='ocrx_word' id='word_1_361' title='bbox 2081 3085 2098 3111; x_wconf 85' lang='lat'>,</span> <span class='ocrx_word' id='word_1_362' title='bbox 2125 3043 2303 3097; x_wconf 64' lang='lat' dir='ltr'>Cesar</span> <span class='ocrx_word' id='word_1_363' title='bbox 2325 3069 2366 3095; x_wconf 71' lang='grc' dir='ltr'>ι.</span> <span class='ocrx_word' id='word_1_364' title='bbox 2408 3044 2628 3107; x_wconf 84' lang='lat' dir='ltr'>Noster,</span> 
     </span>
     <span class='ocr_line' id='line_1_65' title="bbox 1603 3121 2631 3194; baseline -0.002 -18"><span class='ocrx_word' id='word_1_365' title='bbox 1603 3142 1685 3176; x_wconf 80' lang='lat' dir='ltr'>vs.</span> <span class='ocrx_word' id='word_1_366' title='bbox 1738 3139 1911 3174; x_wconf 69' lang='lat'>10202</span> <span class='ocrx_word' id='word_1_367' title='bbox 1944 3121 2216 3194; x_wconf 77' lang='lat' dir='ltr'>«impiger</span> <span class='ocrx_word' id='word_1_368' title='bbox 2254 3139 2409 3194; x_wconf 76' lang='lat' dir='ltr'>agros</span> <span class='ocrx_word' id='word_1_369' title='bbox 2448 3121 2631 3174; x_wconf 80' lang='lat' dir='ltr'>Incola</span> 
     </span>
     <span class='ocr_line' id='line_1_66' title="bbox 1602 3201 2627 3273; baseline -0.002 -18"><span class='ocrx_word' id='word_1_370' title='bbox 1602 3201 1911 3264; x_wconf 74' lang='lat' dir='ltr'>decurritn3</span> <span class='ocrx_word' id='word_1_371' title='bbox 1942 3214 1996 3254; x_wconf 85' lang='lat' dir='ltr'>et</span> <span class='ocrx_word' id='word_1_372' title='bbox 2016 3221 2089 3255; x_wconf 82' lang='lat' dir='ltr'>vs.</span> <span class='ocrx_word' id='word_1_373' title='bbox 2112 3202 2239 3256; x_wconf 80' lang='lat'>1301</span> <span class='ocrx_word' id='word_1_374' title='bbox 2263 3221 2276 3256; x_wconf 74' lang='grc' dir='ltr'><strong>ε</strong></span> <span class='ocrx_word' id='word_1_375' title='bbox 2300 3229 2325 3249; x_wconf 71' lang='grc' dir='ltr'><strong>α</strong></span> <span class='ocrx_word' id='word_1_376' title='bbox 2345 3201 2412 3254; x_wconf 81' lang='lat' dir='ltr'>Hi</span> <span class='ocrx_word' id='word_1_377' title='bbox 2440 3220 2627 3273; x_wconf 83' lang='lat' dir='ltr'>quam-</span> 
     </span>
     <span class='ocr_line' id='line_1_67' title="bbox 1604 3279 2631 3355; baseline -0.001 -21"><span class='ocrx_word' id='word_1_378' title='bbox 1604 3300 1766 3355; x_wconf 87' lang='lat' dir='ltr'>quam</span> <span class='ocrx_word' id='word_1_379' title='bbox 1820 3280 2023 3348; x_wconf 76' lang='lat' dir='ltr'>steriles</span> <span class='ocrx_word' id='word_1_380' title='bbox 2078 3279 2370 3335; x_wconf 82' lang='lat' dir='ltr'>decurrant</span> <span class='ocrx_word' id='word_1_381' title='bbox 2424 3297 2631 3353; x_wconf 82' lang='lat' dir='ltr'>semper</span> 
     </span>
     <span class='ocr_line' id='line_1_68' title="bbox 1605 3360 1976 3414; baseline -0.005 -1"><span class='ocrx_word' id='word_1_382' title='bbox 1605 3378 1790 3414; x_wconf 79' lang='lat' dir='ltr'>arenas</span> <span class='ocrx_word' id='word_1_383' title='bbox 1809 3385 1852 3413; x_wconf 78' lang='grc' dir='ltr'>ι.</span> <span class='ocrx_word' id='word_1_384' title='bbox 1874 3360 1976 3414; x_wconf 88' lang='lat' dir='ltr'>W.</span> 
     </span>
    </p>

    <p class='ocr_par' dir='ltr' id='par_1_13' title="bbox 1601 3440 2631 3822">
     <span class='ocr_line' id='line_1_69' title="bbox 1683 3440 2627 3511; baseline 0 -19"><span class='ocrx_word' id='word_1_385' title='bbox 1683 3459 1703 3492; x_wconf 81' lang='grc' dir='ltr'>ι</span> <span class='ocrx_word' id='word_1_386' title='bbox 1716 3446 1831 3511; x_wconf 65' lang='grc'>247.</span> <span class='ocrx_word' id='word_1_387' title='bbox 1872 3443 2119 3508; x_wconf 68' lang='lat' dir='ltr'>Passaque</span> <span class='ocrx_word' id='word_1_388' title='bbox 2159 3455 2291 3492; x_wconf 79' lang='lat' dir='ltr'>term</span> <span class='ocrx_word' id='word_1_389' title='bbox 2328 3442 2495 3508; x_wconf 74' lang='lat' dir='ltr'>gemit.</span> <span class='ocrx_word' id='word_1_390' title='bbox 2540 3440 2627 3493; x_wconf 82' lang='lat' dir='ltr'>sic</span> 
     </span>
     <span class='ocr_line' id='line_1_70' title="bbox 1602 3517 2628 3586; baseline 0 -14"><span class='ocrx_word' id='word_1_391' title='bbox 1602 3518 1824 3585; x_wconf 85' lang='lat' dir='ltr'>Statius,</span> <span class='ocrx_word' id='word_1_392' title='bbox 1845 3519 2019 3572; x_wconf 86' lang='lat' dir='ltr'>Theb.</span> <span class='ocrx_word' id='word_1_393' title='bbox 2044 3519 2154 3571; x_wconf 74' lang='lat'>111</span> <span class='ocrx_word' id='word_1_394' title='bbox 2175 3560 2192 3586; x_wconf 91' lang='lat'>,</span> <span class='ocrx_word' id='word_1_395' title='bbox 2220 3519 2324 3572; x_wconf 86' lang='lat'>656</span> <span class='ocrx_word' id='word_1_396' title='bbox 2341 3556 2358 3582; x_wconf 88' lang='lat'><strong>‚</strong></span> <span class='ocrx_word' id='word_1_397' title='bbox 2392 3517 2459 3571; x_wconf 88' lang='lat' dir='ltr'>de</span> <span class='ocrx_word' id='word_1_398' title='bbox 2482 3537 2628 3572; x_wconf 83' lang='lat' dir='ltr'>exer-</span> 
     </span>
     <span class='ocr_line' id='line_1_71' title="bbox 1602 3597 2625 3671; baseline 0 -21"><span class='ocrx_word' id='word_1_399' title='bbox 1602 3597 1713 3650; x_wconf 82' lang='lat' dir='ltr'>citu</span> <span class='ocrx_word' id='word_1_400' title='bbox 1746 3597 1975 3654; x_wconf 78' lang='lat' dir='ltr'>Thesei:</span> <span class='ocrx_word' id='word_1_401' title='bbox 2028 3625 2054 3644; x_wconf 70' lang='lat' dir='ltr'>u</span> <span class='ocrx_word' id='word_1_402' title='bbox 2080 3599 2195 3652; x_wconf 84' lang='lat' dir='ltr'>Icta</span> <span class='ocrx_word' id='word_1_403' title='bbox 2232 3599 2395 3671; x_wconf 76' lang='lat' dir='ltr'>gemit</span> <span class='ocrx_word' id='word_1_404' title='bbox 2430 3598 2584 3652; x_wconf 83' lang='lat' dir='ltr'>tellus</span> <span class='ocrx_word' id='word_1_405' title='bbox 2611 3617 2625 3650; x_wconf 75' lang='grc' dir='ltr'><strong><em>ε</em></strong></span> 
     </span>
     <span class='ocr_line' id='line_1_72' title="bbox 1603 3677 2631 3751; baseline -0.002 -19"><span class='ocrx_word' id='word_1_406' title='bbox 1603 3703 1629 3723; x_wconf 69' lang='grc' dir='ltr'><em>α</em></span> <span class='ocrx_word' id='word_1_407' title='bbox 1652 3677 1846 3732; x_wconf 85' lang='lat' dir='ltr'>virides</span> <span class='ocrx_word' id='word_1_408' title='bbox 1867 3678 2039 3751; x_wconf 74' lang='lat' dir='ltr'>gravis</span> <span class='ocrx_word' id='word_1_409' title='bbox 2066 3679 2263 3751; x_wconf 81' lang='lat' dir='ltr'>ungula</span> <span class='ocrx_word' id='word_1_410' title='bbox 2290 3695 2500 3750; x_wconf 86' lang='lat' dir='ltr'>campos</span> <span class='ocrx_word' id='word_1_411' title='bbox 2518 3677 2631 3732; x_wconf 76' lang='lat' dir='ltr'>Mn·</span> 
     </span>
     <span class='ocr_line' id='line_1_73' title="bbox 1601 3757 2015 3822; baseline 0.005 -16"><span class='ocrx_word' id='word_1_412' title='bbox 1601 3766 1709 3822; x_wconf 83' lang='lat' dir='ltr'>tat,</span> <span class='ocrx_word' id='word_1_413' title='bbox 1732 3768 1833 3811; x_wconf 84' lang='lat' dir='ltr'>etc.</span> <span class='ocrx_word' id='word_1_414' title='bbox 1865 3783 1888 3805; x_wconf 74' lang='grc' dir='ltr'><strong>ι</strong></span> <span class='ocrx_word' id='word_1_415' title='bbox 1918 3757 2015 3812; x_wconf 87' lang='lat' dir='ltr'>W.</span> 
     </span>
    </p>

    <p class='ocr_par' dir='ltr' id='par_1_14' title="bbox 1600 3837 2628 3967">
     <span class='ocr_line' id='line_1_74' title="bbox 1680 3837 2622 3904; baseline -0.002 -15"><span class='ocrx_word' id='word_1_416' title='bbox 1680 3839 1829 3900; x_wconf 70' lang='lat'><strong>1248.</strong></span> <span class='ocrx_word' id='word_1_417' title='bbox 1868 3840 2049 3888; x_wconf 73' lang='lat' dir='ltr'>erebra</span> <span class='ocrx_word' id='word_1_418' title='bbox 2084 3853 2178 3902; x_wconf 75' lang='lat' dir='ltr'>per</span> <span class='ocrx_word' id='word_1_419' title='bbox 2214 3855 2367 3888; x_wconf 79' lang='lat' dir='ltr'>auras</span> <span class='ocrx_word' id='word_1_420' title='bbox 2398 3837 2622 3904; x_wconf 72' lang='lat' dir='ltr'>Spicula,</span> 
     </span>
     <span class='ocr_line' id='line_1_75' title="bbox 1600 3914 2628 3967; baseline 0.001 -1"><span class='ocrx_word' id='word_1_421' title='bbox 1600 3918 1856 3967; x_wconf 53' lang='lat' dir='ltr'>”fissilibus</span> <span class='ocrx_word' id='word_1_422' title='bbox 1883 3921 1985 3967; x_wconf 76' lang='lat' dir='ltr'>lace</span> <span class='ocrx_word' id='word_1_423' title='bbox 2012 3917 2283 3966; x_wconf 73' lang='lat' dir='ltr'>subtexitur</span> <span class='ocrx_word' id='word_1_424' title='bbox 2306 3935 2410 3966; x_wconf 81' lang='lat' dir='ltr'>aer.</span> <span class='ocrx_word' id='word_1_425' title='bbox 2434 3914 2628 3967; x_wconf 74' lang='lat' dir='ltr'>Merito</span> 
     </span>
    </p>
   </div>
   <div class='ocr_carea' id='block_1_8' title="bbox 485 3987 2624 4066">
    <p class='ocr_par' dir='ltr' id='par_1_15' title="bbox 485 3987 2624 4066">
     <span class='ocr_line' id='line_1_76' title="bbox 485 3987 2624 4066; baseline 0.002 -24"><span class='ocrx_word' id='word_1_426' title='bbox 485 4007 576 4043; x_wconf 86' lang='lat' dir='ltr'>cra</span> <span class='ocrx_word' id='word_1_427' title='bbox 600 3987 853 4061; x_wconf 84' lang='lat' dir='ltr'>petituras</span> <span class='ocrx_word' id='word_1_428' title='bbox 873 3988 1006 4044; x_wconf 82' lang='lat' dir='ltr'>freta</span> <span class='ocrx_word' id='word_1_429' title='bbox 1025 4007 1118 4061; x_wconf 89' lang='lat' dir='ltr'>per</span> <span class='ocrx_word' id='word_1_430' title='bbox 1133 3993 1371 4063; x_wconf 82' lang='lat' dir='ltr'>parentia</span> <span class='ocrx_word' id='word_1_431' title='bbox 1387 4011 1513 4046; x_wconf 82' lang='lat' dir='ltr'>ven·</span> <span class='ocrx_word' id='word_1_432' title='bbox 1592 3999 1721 4045; x_wconf 60' lang='lat' dir='ltr'>*cnm</span> <span class='ocrx_word' id='word_1_433' title='bbox 1749 3993 1835 4047; x_wconf 84' lang='lat' dir='ltr'>his</span> <span class='ocrx_word' id='word_1_434' title='bbox 1861 3993 2101 4047; x_wconf 76' lang='lat' dir='ltr'>conferas</span> <span class='ocrx_word' id='word_1_435' title='bbox 2128 3993 2366 4066; x_wconf 85' lang='lat' dir='ltr'>Propert.</span> <span class='ocrx_word' id='word_1_436' title='bbox 2400 3994 2459 4045; x_wconf 88' lang='lat'>11</span> <span class='ocrx_word' id='word_1_437' title='bbox 2474 4033 2489 4058; x_wconf 97' lang='lat'>,</span> <span class='ocrx_word' id='word_1_438' title='bbox 2528 4011 2589 4046; x_wconf 83' lang='grc' dir='ltr'>ιο</span> <span class='ocrx_word' id='word_1_439' title='bbox 2608 4029 2624 4055; x_wconf 88' lang='grc'><em>,</em></span> 
     </span>
    </p>
   </div>
   <div class='ocr_carea' id='block_1_9' title="bbox 485 4067 1509 4126">
    <p class='ocr_par' dir='ltr' id='par_1_16' title="bbox 485 4067 1509 4126">
     <span class='ocr_line' id='line_1_77' title="bbox 485 4067 1509 4126; baseline 0.003 -3"><span class='ocrx_word' id='word_1_440' title='bbox 485 4068 553 4123; x_wconf 84' lang='lat' dir='ltr'>tis</span> <span class='ocrx_word' id='word_1_441' title='bbox 591 4073 807 4122; x_wconf 86' lang='lat' dir='ltr'>Ducunt</span> <span class='ocrx_word' id='word_1_442' title='bbox 841 4067 1110 4123; x_wconf 80' lang='lat' dir='ltr'>instabiles</span> <span class='ocrx_word' id='word_1_443' title='bbox 1153 4069 1326 4124; x_wconf 87' lang='lat' dir='ltr'>sidera</span> <span class='ocrx_word' id='word_1_444' title='bbox 1363 4084 1509 4126; x_wconf 78' lang='lat' dir='ltr'>certa</span> 
     </span>
    </p>
   </div>
   <div class='ocr_carea' id='block_1_10' title="bbox 1602 4072 2626 4128">
    <p class='ocr_par' dir='ltr' id='par_1_17' title="bbox 1602 4072 2626 4128">
     <span class='ocr_line' id='line_1_78' title="bbox 1602 4072 2626 4128; baseline -0.001 -3"><span class='ocrx_word' id='word_1_445' title='bbox 1602 4091 1625 4125; x_wconf 85' lang='lat'>1</span> <span class='ocrx_word' id='word_1_446' title='bbox 1652 4091 1665 4125; x_wconf 95' lang='lat'><strong>:</strong></span> <span class='ocrx_word' id='word_1_447' title='bbox 1690 4099 1715 4119; x_wconf 71' lang='grc' dir='ltr'><strong>α</strong></span> <span class='ocrx_word' id='word_1_448' title='bbox 1737 4072 1858 4126; x_wconf 86' lang='lat' dir='ltr'>Non</span> <span class='ocrx_word' id='word_1_449' title='bbox 1882 4085 1960 4127; x_wconf 84' lang='lat' dir='ltr'>tot</span> <span class='ocrx_word' id='word_1_450' title='bbox 1982 4074 2329 4128; x_wconf 70' lang='lat' dir='ltr'>Achaemeniis</span> <span class='ocrx_word' id='word_1_451' title='bbox 2352 4085 2626 4126; x_wconf 81' lang='lat' dir='ltr'>armantur</span> 
     </span>
    </p>
   </div>
   <div class='ocr_carea' id='block_1_11' title="bbox 483 4147 2623 4226">
    <p class='ocr_par' dir='ltr' id='par_1_18' title="bbox 483 4147 2623 4226">
     <span class='ocr_line' id='line_1_79' title="bbox 483 4147 2623 4226; baseline 0.002 -24"><span class='ocrx_word' id='word_1_452' title='bbox 483 4159 624 4204; x_wconf 85' lang='lat' dir='ltr'>rates</span> <span class='ocrx_word' id='word_1_453' title='bbox 641 4173 685 4201; x_wconf 82' lang='grc' dir='ltr'>ιι.</span> <span class='ocrx_word' id='word_1_454' title='bbox 723 4147 971 4200; x_wconf 78' lang='lat' dir='ltr'>Conferri</span> <span class='ocrx_word' id='word_1_455' title='bbox 999 4147 1156 4202; x_wconf 86' lang='lat' dir='ltr'>etiam</span> <span class='ocrx_word' id='word_1_456' title='bbox 1181 4161 1356 4220; x_wconf 80' lang='lat' dir='ltr'>potest</span> <span class='ocrx_word' id='word_1_457' title='bbox 1380 4150 1507 4204; x_wconf 86' lang='lat' dir='ltr'>insi·</span> <span class='ocrx_word' id='word_1_458' title='bbox 1594 4153 1729 4206; x_wconf 82' lang='lat' dir='ltr'>Susa</span> <span class='ocrx_word' id='word_1_459' title='bbox 1778 4154 2004 4226; x_wconf 73' lang='lat' dir='ltr'>sagittis,</span> <span class='ocrx_word' id='word_1_460' title='bbox 2048 4165 2153 4208; x_wconf 84' lang='lat' dir='ltr'>etc.</span> <span class='ocrx_word' id='word_1_461' title='bbox 2175 4178 2201 4198; x_wconf 75' lang='grc' dir='ltr'>ι»</span> <span class='ocrx_word' id='word_1_462' title='bbox 2245 4153 2453 4206; x_wconf 85' lang='lat' dir='ltr'>Lucan.</span> <span class='ocrx_word' id='word_1_463' title='bbox 2486 4152 2623 4217; x_wconf 82' lang='lat' dir='ltr'>vn,</span> 
     </span>
    </p>
   </div>
  </div>
 </body>
</html>
