2996 4685
559 431 646 502 32
995 433 1129 500 DE
1187 431 1822 504 CARMINIBUS
1880 431 2255 501 AVIENI.

557 560 821 649 aliquod
873 559 1238 648 praesidinm
1271 561 1529 625 videtur
1568 585 1605 624 e
1637 561 1851 626 verbis
1883 561 2085 624 Servii
2116 561 2528 626 Grammatici
2576 586 2692 650 pe-

557 667 768 747 tiisse,
806 666 918 753 qui
949 665 1030 730 ad
1059 666 1234 756 Virg.
1262 666 1413 731 AEn.
1439 669 1538 749 X,
1573 689 1697 754 272
1727 665 1995 731 adnotat
2014 714 2035 748 ,
2068 667 2391 731 Avienum
2424 669 2695 733 nomina

558 790 624 837 et
654 769 941 835 adfectus
971 770 1400 858 quarumdam
1439 772 1771 836 stellarum
1806 793 2215 836 memorasse.
2247 771 2448 854 Quod
2474 789 2693 837 autem

558 877 732 941 idem
757 899 922 965 opus
949 877 1252 941 Flaviano
1278 875 1647 941 dedicatum
1677 899 1817 942 esse
1846 875 2106 958 dicitur,
2132 876 2199 940 id
2223 899 2340 966 per
2366 899 2692 962 summam

561 982 1062 1072 imprudentiam
1098 981 1204 1065 fit,
1248 1005 1378 1071 qua
1423 983 1699 1072 scriptor
1738 983 1874 1072 ipse
1920 998 1998 1046 ut
2041 1004 2267 1046 recens
2318 998 2383 1047 et
2430 984 2692 1072 spurius

558 1094 874 1180 arguitur,
910 1105 976 1153 et
1015 1107 1346 1177 tamquam
1378 1111 1569 1153 sorex
1603 1088 1845 1152 indicio
1882 1111 2004 1153 suo
2036 1087 2223 1177 perit.
2264 1087 2432 1154 Nam
2479 1091 2690 1154 mani-

558 1196 792 1260 festum
821 1212 948 1276 est,
969 1217 1112 1259 eam
1138 1193 1608 1258 dedicationem
1634 1217 1714 1258 ex
1739 1195 1903 1259 male
1928 1194 2247 1258 intellecta
2272 1193 2695 1283 inscriptione

558 1323 832 1390 operum
870 1299 1130 1382 Avieni,
1177 1323 1322 1388 quae
1371 1300 1436 1363 in
1487 1300 1757 1364 vetustis
1805 1299 2275 1388 exemplaribus
2319 1315 2449 1380 est,
2494 1297 2695 1364 confi-

557 1425 727 1472 ctam
777 1428 936 1471 esse.
982 1409 1058 1471 In
1104 1408 1311 1495 prima
1355 1407 1576 1470 Avieni
1623 1405 1909 1470 editione
1940 1405 2103 1470 Ven.
2144 1429 2248 1470 an.
2294 1405 2497 1485 1488,
2545 1421 2695 1496 post

559 1513 1001 1600 praefationem
1021 1513 1297 1577 Victoris
1319 1513 1534 1576 Pisani
1558 1527 1772 1576 textus
1796 1534 2069 1600 operum
2094 1512 2323 1576 Avieni
2346 1512 2415 1575 in
2439 1534 2695 1575 summa

557 1621 791 1710 pagina
836 1618 959 1682 hac
1006 1640 1157 1683 cum
1208 1617 1558 1708 epigraphe
1606 1617 1872 1706 incipit:
1918 1615 2127 1706 Rufics
2173 1617 2385 1682 Festus
2421 1618 2696 1681 szenus

565 1725 646 1788 V.
677 1724 748 1790 C.
787 1723 1103 1788 Flaviano
1129 1725 1475 1810 Myrmecio
1505 1719 1586 1788 V.
1630 1721 1701 1788 C.
1738 1745 1852 1787 suo
1886 1723 2188 1802 salutem,
2246 1739 2313 1785 et
2352 1722 2697 1804 subjicitur

555 1847 788 1895 notum
820 1831 1188 1920 epistolium
1227 1829 1308 1894 ad
1339 1829 1394 1894 F
1395 1831 1514 1894 lav.
1548 1831 1788 1917 Myrm.
1823 1828 1908 1893 de
1944 1828 2125 1892 malis
2162 1828 2460 1909 Punicis,
2492 1828 2695 1892 versi-

555 1937 678 2000 bus
707 1935 784 2000 31
814 1952 1138 2002 constans.
1169 1935 1249 2000 In
1281 1937 1412 2000 ima
1441 1935 1677 2024 pagina
1707 1933 2007 2022 sequitur
2033 1956 2049 1998 ε
2083 1929 2236 2017 Rufi
2259 1932 2428 1998 Festi
2447 1935 2702 1998 Avienii

561 2043 639 2107 V.
673 2043 743 2108 C.
779 2045 976 2107 Arati
1005 2041 1473 2106 Phoenomenon
1510 2039 1663 2105 liber
1696 2041 1935 2128 inczpit.
1966 2039 2138 2103 Hinc
2187 2039 2357 2103 ultro
2394 2039 2658 2128 adparet
2674 2087 2693 2121 ,

553 2171 812 2212 carmen
849 2147 1156 2212 Flaviano
1196 2147 1617 2235 inscriptum,
1670 2144 2204 2233 praemissumque
2243 2145 2471 2209 Avieni
2504 2145 2694 2209 Phae-

557 2253 856 2316 nomenis
905 2253 1082 2316 Arati
1103 2299 1122 2334 ,
1169 2253 1250 2316 ab
1304 2253 1529 2338 inepto
1575 2250 1815 2315 lectore
1868 2271 1990 2338 pro
2034 2249 2438 2315 dedicatione
2486 2267 2692 2315 meta-

559 2358 808 2449 phrasis
853 2358 1027 2421 Arati
1072 2356 1155 2420 ad
1204 2356 1581 2421 Flavianum
1628 2378 1766 2421 esse
1814 2356 2131 2421 habitum.
2173 2351 2480 2423 Similiter
2522 2358 2691 2423 Phil.

557 2464 856 2529 Labbeus
885 2462 979 2551 (1)
1020 2460 1246 2543 tradit,
1286 2461 1355 2524 in
1389 2460 1779 2548 quibusdam
1812 2459 2203 2527 editionibus
2236 2464 2521 2552 antiquis
2554 2486 2692 2528 me-

557 2571 886 2661 taphrasin
918 2573 1302 2633 Arateorum
1339 2568 1603 2632 inscribi
1647 2564 1806 2655 Rtfi
1849 2568 2018 2632 Festi
2048 2570 2280 2632 Avieni
2316 2592 2566 2633 carmen
2612 2570 2695 2633 de

559 2678 802 2755 Astris,
857 2698 1088 2763 parum
1145 2690 1312 2763 apte.
1373 2673 1501 2739 Sed
1552 2674 1707 2737 hinc
1762 2674 2176 2763 intelligitur,
2224 2674 2693 2740 Pseudo-Luit-

559 2780 883 2872 prandum
900 2829 919 2862 ,
941 2780 1054 2869 qui
1074 2780 1318 2845 Avieno
1345 2780 1587 2845 librum
1614 2780 1698 2845 de
1725 2780 1933 2845 Stellis
1961 2779 2302 2863 adscribit,
2331 2780 2513 2847 hunc
2542 2780 2693 2846 titu-

559 2889 700 2950 lum
749 2908 826 2950 ex
881 2884 1198 2966 ejusmodi
1250 2885 1557 2974 exemplis
1607 2885 1837 2950 Avieni
1896 2884 2283 2973 sumpsisse,
2345 2908 2560 2973 neque
2611 2886 2690 2950 iis

561 2992 992 3081 antiquiorem
1046 3013 1206 3057 esse.
1261 2992 1583 3055 Caeterum
1631 2990 1785 3078 quia
1836 2991 2247 3079 propositum
2306 3008 2405 3056 est
2462 2992 2690 3072 nobis,

563 3100 832 3163 Aratum
865 3097 1087 3161 Avieni
1123 3120 1157 3160 a
1191 3110 1569 3161 caeterorum
1610 3097 1749 3176 ejus
1788 3096 2151 3161 carminum
2184 3094 2473 3161 editione
2512 3121 2691 3163 nunc

564 3204 937 3286 excludere,
985 3219 1180 3291 atque
1211 3202 1336 3267 alio
1372 3219 1664 3290 tempore
1708 3203 1889 3266 classi
1931 3200 2515 3267 astronomicorum
2549 3227 2690 3268 car·

566 3313 812 3375 minum
844 3311 1164 3392 inserere,
1207 3308 1739 3397 quandoquidem
1778 3308 1952 3372 idem
1994 3332 2029 3371 a
2064 3310 2391 3397 prioribus
2421 3310 2689 3375 editori-

565 3418 686 3481 bus
739 3420 979 3481 factum
1031 3432 1164 3499 est,
1213 3416 1324 3504 qui
1392 3416 1526 3479 fere
1594 3437 1847 3502 semper
1904 3432 2270 3504 separatum
2329 3439 2363 3479 a
2424 3418 2688 3504 reliquis

565 3524 866 3614 operibus
918 3524 1198 3587 auctoris
1249 3523 1600 3611 vulgarunt
1620 3570 1637 3601 ,
1698 3521 1853 3585 hinc
1910 3523 2097 3587 etiam
2121 3570 2140 3603 ,
2205 3546 2349 3610 quae
2408 3522 2490 3586 de
2551 3523 2689 3603 ejus

565 3628 876 3717 poematis
919 3630 1220 3708 consilio,
1265 3628 1652 3705 virtutibus,
1700 3650 1824 3691 usu
1870 3628 2036 3692 forte
2085 3627 2214 3694 dici
2262 3647 2572 3717 possunt,
2618 3630 2687 3693 in

565 3734 727 3799 illud
755 3750 1010 3821 tempus
1046 3732 1434 3814 differimus,
1469 3732 1583 3794 ubi
1624 3733 1838 3820 ipsum
1872 3749 2245 3796 contextum
2284 3734 2420 3813 ejus
2452 3736 2679 3798 lectori

566 3861 1002 3931 proponemus
1031 3836 1145 3925 (2).

633 4038 712 4101 (ι)
745 4032 808 4085 In
837 4032 984 4083 Nova
1015 4029 1258 4082 Biblioth.
1292 4030 1589 4102 Usptorum
1613 4032 1708 4085 lib.
1736 4031 1897 4085 Paris.
1932 4034 2067 4087 1653
2089 4070 2105 4095 ‚
2132 4050 2187 4103 p.
2214 4034 2333 4085 355.

637 4124 714 4191 (α)
753 4120 868 4171 Hoc
883 4134 1090 4171 carmen
1109 4136 1380 4188 nunquam
1401 4137 1431 4172 a
1449 4119 1710 4173 Wernsd.
1732 4119 1957 4182 editum,
1976 4121 2101 4191 qnia
2126 4122 2353 4173 moriens
2372 4141 2510 4193 opus
2530 4140 2689 4175 sunm

567 4210 925 4285 imperfectum
943 4206 1181 4277 reliquit,
1199 4224 1294 4260 nos
1315 4206 1529 4279 prodire
1546 4210 1847 4278 jubebimus
1868 4207 1936 4260 ad
1963 4208 2089 4261 calc.
2113 4228 2335 4280 operum
2356 4210 2562 4265 Avieni.
2587 4212 2687 4265 En.
