2996 4685
520 404 656 491 564

1272 406 1354 469 R.
1408 404 1479 469 F.
1537 403 1894 479 AVIENL

609 532 1135 622 Nonnumquam
1173 525 1427 594 Oceani
1472 538 1694 595 tamen
1736 526 1928 595 istam
1973 552 2246 623 surgere
2285 532 2369 599 ab
2408 534 2606 602 undis

610 644 691 709 In
732 662 1023 708 convexa
1065 635 1237 732 poli,
1276 634 1391 704 sed
1428 635 1584 705 sede
1621 660 1843 705 carere
1881 662 2185 709 sororum
2206 695 2224 725 ‚

2573 666 2650 717 ⁵9⁰

608 754 827 845 Atque
871 774 945 819 os
987 748 1347 817 discretum
1383 744 1621 841 procul
1659 746 1854 817 edere
1869 802 1889 835 ,
1926 749 2348 840 detestatam,

612 865 1113 954 Germanosque
1148 857 1388 927 choros
1430 856 1679 927 sobolis
1715 856 2080 955 lacrymare
2121 862 2378 951 ruinaS,

613 970 1081 1065 Diffusamque
1114 993 1337 1037 comas
1373 970 1590 1051 cerni,
1619 969 1958 1064 crinisque
1991 968 2192 1041 soluti

612 1081 975 1151 Monstrari
1010 1078 1253 1173 effigie.
1292 1080 1495 1147 Diros
1528 1079 1656 1147 hos
1695 1079 1868 1149 fama
1908 1096 2200 1151 cometas

611 1194 1107 1261 Commemorat
1144 1190 1316 1259 tristi
1354 1188 1590 1283 procul
1626 1190 1786 1258 istos
1823 1214 2098 1287 surgere
2136 1192 2380 1275 forma,

2572 1222 2647 1271 595

609 1301 892 1371 Vultum
930 1297 1163 1368 ardere
1203 1297 1355 1385 diu,
1391 1298 1794 1394 perfundere
1841 1298 2140 1371 crinibus
2183 1300 2457 1371 aethram
2481 1356 2501 1385 ‚

612 1411 949 1506 Sanguine
985 1410 1109 1479 sub
1147 1409 1383 1504 pingui
1426 1408 1760 1504 rutiloque
1797 1409 2033 1478 rubere
2069 1436 2326 1481 cruore.

616 1522 801 1610 Quin
837 1526 1166 1614 Meropen
1204 1518 1354 1606 alii,
1384 1535 1737 1615 postquam
1781 1520 2124 1615 Sisypheia
2151 1519 2368 1590 vincla

524 1648 531 1655 “
610 1634 698 1701 Et
740 1630 1065 1701 thalamos
1100 1654 1271 1699 saevo
1312 1631 1548 1699 sortita
1593 1644 1692 1699 est
1730 1631 1952 1697 omine
1993 1632 2244 1700 Divum
2265 1685 2284 1717 ‚

610 1742 967 1836 Indignam
1008 1741 1185 1809 aeria
1221 1738 1506 1809 credunt
1551 1764 1744 1835 mage
1787 1738 1938 1809 sede
1976 1738 2200 1809 fuisse.

2569 1771 2648 1807 ϋηο

609 1856 720 1922 Sic
755 1876 998 1946 anceps
1033 1852 1294 1920 numeri
1320 1849 1400 1919 fit
1434 1848 1686 1935 fabula,
1723 1875 1968 1945 sexque
2009 1875 2132 1945 per
2172 1853 2446 1921 aethram

604 1962 933 2057 Vergilias
964 1962 1148 2031 cerni
1184 1975 1365 2030 tenet
1409 1986 1602 2048 usus3
1633 1960 1747 2030 sed
1783 1960 1980 2030 simul
2021 1986 2253 2032 omnes

609 2076 963 2142 Arctavere
999 2069 1307 2166 globum3
1336 2086 1437 2139 ter
1470 2072 1541 2139 in
1577 2096 1772 2141 auras
1815 2070 2103 2165 angulus
2140 2075 2278 2141 exit

606 2180 1029 2276 Flammiger,
1060 2196 1128 2249 et
1169 2181 1393 2250 mixtis
1430 2179 1806 2251 Atlantides
1852 2182 2119 2277 ignibus
2157 2183 2444 2255 ardentp

606 2294 748 2363 Nec
778 2305 998 2361 tamen
1034 2305 1132 2358 est
1169 2290 1359 2359 famae
1395 2289 1628 2360 similis
1655 2292 1886 2384 vigor3
1913 2290 2136 2388 ampla
2169 2318 2429 2364 sorores

584 2514 701 2582 591.
752 2517 915 2580 Aeque
962 2529 1015 2560 os
1070 2512 1323 2560 diser-emm
1352 2515 1530 2577 procul

508 2600 654 2650 edere
667 2632 683 2655 ,
730 2595 1015 2643 detestatam
1044 2628 1059 2640 .
1080 2625 1098 2640 .
1117 2627 1131 2638 .
1164 2593 1436 2641 Mammas-i
1454 2589 1528 2658 ᾧ

488 2679 635 2749 figis.
674 2671 761 2725 Sic
800 2682 943 2723 recte
969 2665 1269 2722 emendavit
1295 2667 1525 2721 Grotius.

504 2755 681 2811 Schol.
734 2751 913 2806 Germ.
954 2749 987 2802 l.
1028 2749 1063 2801 l.
1112 2773 1135 2794 ι
1158 2748 1526 2819 Vocatamque

503 2835 783 2894 Electram,
801 2845 917 2902 qun
937 2847 1046 2881 non
1070 2827 1329 2880 sustinens
1346 2826 1530 2879 videre

506 2929 689 2967 casum
728 2919 1075 2981 pronepotum
1110 2905 1321 2980 fugerit.
1368 2905 1528 2960 Unde

506 3004 560 3044 et
584 2991 730 3042 illam
753 2986 1015 3040 dissolutis
1047 2985 1284 3040 crinibus
1309 2999 1528 3058 propter

506 3071 710 3124 luctum
737 3065 816 3120 ire
837 3063 1111 3128 adserunt,
1132 3079 1184 3119 et
1202 3076 1420 3138 propter
1436 3083 1525 3118 eo-

504 3168 619 3204 mas
646 3143 867 3220 quidam
894 3144 1149 3198 Cometen
1174 3143 1457 3217 ,adpellant
1478 3169 1523 3196 ι.

501 3229 743 3303 Hyginus
762 3224 795 3276 l.
816 3223 850 3275 l.
870 3224 1013 3278 «Alii
1024 3222 1241 3287 dicunt,
1261 3223 1526 3277 Electram

504 3327 615 3361 non
641 3304 917 3376 adparere,
954 3299 1073 3357 ideo
1113 3301 1259 3374 quod
1284 3301 1524 3355 Pleiades

504 3387 863 3442 existhsientur
911 3381 1161 3437 choream
1214 3378 1409 3434 duces-e
1465 3381 1523 3434 in

500 3466 690 3521 stellis.
732 3461 839 3518 Sed
886 3464 1173 3534 postquam
1225 3459 1385 3533 Troja
1426 3460 1526 3513 fuit

504 3557 684 3617 capta,
700 3555 754 3598 et
776 3542 1056 3616 progenies
1082 3543 1194 3613 eJ'us
1224 3559 1259 3595 a
1276 3539 1526 3596 Dardano

504 3629 597 3694 (sc.
628 3639 793 3694 quam
824 3639 889 3676 ex
925 3619 1179 3676 Dardano
1200 3623 1527 3693 susceperat)

504 3702 607 3756 fuit
624 3717 827 3768 eversa,
842 3698 1028 3754 dolore
1042 3709 1337 3771 permotam
1355 3699 1423 3752 ab
1442 3699 1526 3752 his

506 3799 562 3835 se
600 3779 914 3844 removisse,
962 3789 1015 3830 et
1054 3778 1111 3832 in
1154 3778 1385 3844 circulo,
1430 3779 1523 3850 qui

504 3859 745 3914 Areticus
768 3853 975 3918 dicitur,
1001 3856 1306 3924 constitisse,
1329 3876 1391 3910 ex
1415 3876 1524 3928 quo

505 3955 615 3994 tam
629 3938 790 4008 longo
802 3945 1039 4008 tempore
1054 3935 1428 3990 lamentantem
1442 3955 1522 3990 ca-

502 4019 633 4092 pillo
662 4031 843 4088 sparso
872 4012 1060 4068 videri.
1098 4015 1283 4087 Itaque
1322 4033 1351 4066 e
1378 4016 1520 4068 facto

502 4099 757 4152 Cometen
796 4111 909 4146 esse
943 4091 1261 4162 adpellatam
1280 4119 1321 4143 »-
1362 4093 1516 4147 ovid.

502 4178 637 4230 Fast.
666 4175 765 4242 IV,
804 4191 898 4244 ¹77
924 4189 937 4224 :
964 4171 1125 4226 «Sive
1149 4169 1293 4242 quod
1315 4171 1520 4226 Electra

2565 2319 2648 2359 605

1613 2511 1790 2584 Trojae
1831 2523 2065 2584 spectare
2097 2515 2284 2568 ruinas
2325 2516 2446 2569 Non
2489 2517 2641 2582 tulit;

1615 2603 1738 2645 ante
1759 2592 1946 2646 octalos
1979 2595 2332 2666 opposuitque
2361 2613 2578 2649 manum
2599 2623 2642 2651 ι.

1613 2671 1680 2724 In
1723 2674 1940 2746 vulgato
1995 2683 2140 2726 textu
2200 2674 2474 2746 legebatur
2517 2676 2598 2730 sic
2623 2695 2638 2730 ε

1619 2777 1641 2798 ιι
1669 2754 1844 2823 Atque
1873 2771 1934 2804 os
1964 2751 2250 2806 discretum
2277 2754 2462 2827 procul
2483 2754 2643 2810 edere

1615 2830 1914 2883 destitutam
1929 2867 1944 2893 ‚
1963 2831 2340 2904 Germanoque
2361 2833 2530 2888 choro
2555 2855 2642 2889 so·

1615 2909 1750 2964 bolis
1777 2911 2002 2964 lacerata
2043 2911 2212 2966 ruinis
2227 2951 2244 2982 ‚
2273 2911 2642 2988 Diffusanque

1615 3008 1793 3044 comas
1818 2991 1962 3043 cerni
1979 3028 1994 3053 ‚
2025 2992 2289 3064 crinisque
2307 2993 2464 3047 soluti
2483 2995 2640 3049 Mon-

1613 3081 1780 3122 strare
1803 3069 2028 3140 effigiem
2049 3095 2092 3124 a.

1686 3153 1807 3218 597.
1841 3151 2096 3216 Sanguine
2119 3154 2210 3201 sub
2225 3154 2421 3221 pingui.
2439 3151 2638 3208 Maluit

1616 3229 1679 3282 N.
1719 3228 1970 3282 Heinsius
1995 3233 2272 3300 salpi-gui.
2306 3231 2508 3286 Verum
2529 3235 2642 3286 vul-

1611 3320 1794 3379 gatum
1841 3319 2022 3362 tuetur
2061 3307 2286 3364 Schrad.
2331 3309 2404 3364 ad
2449 3311 2638 3366 Avieni

1612 3385 1819 3459 Pes-ieg.
1857 3405 1933 3441 vs.
1961 3387 2066 3442 80:
2109 3405 2232 3440 nam
2274 3393 2362 3440 sub
2399 3390 2456 3442 in
2492 3408 2638 3444 com·

1613 3467 1868 3537 positione
1889 3467 2000 3520 fere
2023 3467 2200 3520 minus
2225 3466 2513 3539 significat,
2530 3468 2636 3522 hoc

1613 3557 1792 3598 autem
1839 3564 1948 3599 nou
2013 3547 2126 3600 vult
2173 3545 2422 3602 Avienus.
2477 3549 2636 3604 Conf.

1611 3623 1880 3678 Phaenom.
1895 3643 1972 3678 vs.
1999 3625 2186 3692 154,et
2199 3624 2398 3698 Progn.
2415 3645 2494 3682 vs.
2513 3629 2634 3694 28⁴.

1685 3703 1824 3770 598,
1858 3704 1980 3774 599.
2039 3707 2168 3772 Quin
2215 3711 2448 3774 Meropas
2509 3712 2634 3773 alii,

1603 3797 1870 3851 postquam
1889 3799 1978 3836 ma
1997 3823 2012 3844 ‚
2047 3787 2248 3852 Sivplae
2261 3823 2278 3846 ‚
2303 3789 2504 3848 anhela,
2526 3799 2630 3841 etc.

1611 3880 1681 3916 ex
1731 3859 2096 3916 emendatione
2147 3862 2340 3918 Grotii.
2399 3866 2580 3938 Vulgo
2617 3885 2632 3920 :

1611 3967 1637 3987 e
1656 3941 1802 4006 Quin
1847 3941 2104 4014 Meropen
2150 3940 2304 3996 addit
2349 3957 2630 4017 postquam

1607 4019 1880 4091 Sisypheia
1909 4020 2084 4074 vinela
2111 4021 2178 4074 Et
2201 4019 2462 4078 thalamos
2484 4049 2530 4076 ι.
2563 4055 2633 4066 -

1609 4097 1768 4150 Buhl.
1801 4118 1972 4151 scoevo.
2009 4099 2108 4153 En.

1679 4179 1798 4228 602.
1821 4185 1872 4228 V
1867 4179 2067 4247 ergilias
2079 4183 2217 4232 cerni
2229 4196 2362 4234 tenet
2374 4201 2507 4235 usus.
2527 4183 2628 4236 Ed.
