2996 4685
539 347 626 418 16
1012 348 1146 416 DE
1203 349 1288 416 R.
1343 347 1685 415 FESTO
1751 345 2175 416 AVIENO.

525 478 980 546 mediterranei
1017 477 1338 542 ambitum
1374 500 1415 541 a
1459 475 1627 542 freto
1658 474 1983 544 Gaditano
2013 474 2099 541 ad
2128 497 2339 562 usque
2376 473 2667 540 Pontum

527 585 856 652 Euxinum
889 598 955 648 et
987 606 1162 648 mare
1187 582 1566 672 Scythicum
1601 581 2015 664 edissereret,
2064 582 2203 670 ipse
2238 582 2307 646 in
2343 581 2668 671 principio

527 688 727 755 libelli
758 688 924 754 clare
949 687 1313 777 profitetur,
1341 711 1404 752 v.
1429 687 1555 752 68:
1850 703 1859 710 ·

811 841 1030 894 Laboris
1053 852 1231 895 autem
1251 841 1509 894 terminus
1530 839 1699 894 nostri
1722 840 1811 894 hic
1837 841 1965 907 erit,

805 928 1112 1002 Scythicum
1139 940 1200 982 ut
1221 926 1582 1001 profundum,
1602 941 1655 982 et
1679 947 1863 1001 equor
1885 928 2084 982 Euxini
2108 929 2237 996 sali,

809 1017 880 1069 Et
908 1016 954 1070 si
985 1034 1105 1088 quo
1137 1014 1193 1066 in
1224 1013 1316 1069 illo
1347 1033 1613 1069 marmore
1638 1015 1824 1070 insula
1849 1026 2080 1082 tument,

809 1102 1198 1158 Edissoeantur.

535 1254 734 1339 Quod
766 1253 1046 1319 subinde
1077 1253 1232 1318 Poen
1242 1276 1352 1318 um
1377 1253 1810 1319 Himilconem
1841 1254 1996 1317 citat
2012 1301 2031 1335 ‚
2062 1267 2128 1319 et
2152 1274 2233 1318 ex
2259 1252 2520 1318 Punicis
2552 1275 2671 1318 ana

533 1361 787 1426 nulibus
823 1360 1171 1442 nonnulla,
1211 1381 1386 1424 mare
1422 1360 1817 1426 Atlanticum
1852 1375 1918 1423 et
1946 1382 2129 1424 oram
2161 1359 2484 1448 Hispania
2515 1383 2667 1448 spe-

531 1467 800 1551 ctantia,
832 1467 1029 1531 refert
1065 1489 1158 1532 vs.
1201 1489 1346 1555 117,
1389 1471 1556 1550 412,
1591 1470 1757 1546 (ξιξ,
1794 1465 1864 1530 id
1897 1488 2032 1540 non
2067 1465 2287 1549 vide0,
2326 1466 2667 1555 quomodo

529 1575 738 1640 valere
783 1573 866 1638 nd
905 1571 1308 1661 probandam
1355 1574 1629 1660 patriam
1669 1573 1901 1639 Avieni
1944 1573 2170 1662 possit.
2214 1573 2445 1661 Neque
2490 1573 2665 1637 enim
2724 1573 2733 1582 “

533 1679 836 1771 Hispanis
865 1679 1097 1769 magis,
1122 1701 1317 1766 quam
1343 1679 1653 1744 Romanis
1678 1679 1816 1743 aliis
1850 1679 1989 1743 noti
2020 1695 2087 1743 et
2110 1679 2407 1767 usurpati
2434 1678 2668 1742 Poeno-

533 1811 682 1852 rum
719 1786 868 1852 libri
899 1801 1102 1850 erant.
1145 1784 1531 1849 Himilconis
1568 1785 1810 1874 pariter
1842 1807 1917 1848 ac
1959 1783 2299 1849 Hannonis
2336 1783 2669 1874 Carthagi·

534 1893 773 1958 niensis
818 1892 1018 1956 libros
1061 1891 1263 1956 citant
1305 1890 1673 1981 Geographi
1710 1890 1988 1954 Romani
2026 1888 2154 1979 (1),
2204 1902 2271 1955 et
2312 1887 2668 1954 Columella

531 2015 848 2064 memorat
883 1995 1010 2086 (2),
1033 1997 1329 2087 Magonis
1355 1997 1903 2087 Carthaginiensis
1937 2011 2088 2061 octo
2119 2011 2187 2061 et
2213 1995 2442 2086 viginti
2476 1995 2667 2059 volu-

531 2107 708 2171 mina
755 2104 838 2169 de
877 2104 1295 2169 rusticatione
1339 2125 1419 2166 ex
1455 2103 1731 2168 Senatus
1767 2103 2069 2167 consulto
2110 2103 2178 2166 in
2219 2103 2492 2166 latinum
2537 2123 2669 2166 ser-

533 2231 796 2275 monem
834 2229 1142 2272 conversa
1177 2231 1334 2272 esse.
1369 2209 1579 2270 Immo
1613 2229 1802 2288 vex-0,
1844 2205 2025 2294 quod
2058 2206 2494 2272 Himilconem
2530 2229 2665 2272 non
2731 2250 2740 2258 -

534 2317 749 2384 solum
793 2313 1062 2379 Poenum
1086 2362 1102 2395 ,
1141 2311 1258 2377 sed
1302 2326 1369 2375 et
1413 2312 1671 2377 Graecos
1714 2311 2017 2401 antiquos
2033 2362 2052 2396 ‚
2092 2311 2378 2402 aliosque
2417 2329 2667 2378 exteros

533 2421 878 2511 scriptores
921 2420 988 2482 in
1031 2418 1394 2483 subsidium
1439 2417 1881 2483 describendae
1936 2442 2065 2483 orae
2100 2420 2401 2510 Hispanae
2433 2434 2625 2486 vocat
2645 2467 2665 2501 ‚

533 2527 604 2593 id
638 2526 789 2593 satis
823 2526 1071 2616 arguit,
1104 2546 1240 2589 non
1275 2524 1548 2611 patriam
1577 2524 1805 2588 Avieni
1838 2525 2213 2613 Hispaniam
2246 2526 2463 2591 fiiisse.
2496 2523 2664 2590 Nam

533 2632 839 2725 indigena
861 2648 926 2696 et
953 2632 1108 2695 civis
1130 2629 1453 2719 Hispaniae
1479 2630 1737 2695 notiora
1761 2632 1981 2696 omnia
2003 2648 2070 2696 et
2099 2634 2233 2697 suis
2262 2630 2664 2723 temporibus

533 2741 784 2831 aptiora
815 2736 1070 2802 tradere
1105 2736 1450 2826 potuisset,
1483 2760 1606 2801 nec
1637 2754 2007 2803 exterorum
2039 2738 2430 2827 scriptorum
2464 2738 2667 2805 subsi-

534 2845 648 2912 dio
678 2866 838 2910 usus
879 2842 1168 2908 obsoleta
1202 2843 1406 2905 multa
1439 2857 1507 2906 et
1537 2858 1721 2907 aetate
1767 2866 1884 2908 sua
1924 2844 2115 2932 plane
2156 2845 2492 2910 immutata
2528 2866 2665 2909 me·

533 2966 868 3018 morasset.
913 2947 1111 3014 Aliud
1159 2947 1472 3013 indicium
1515 2950 1735 3037 patriae
1776 2950 2005 3015 Avieni
2051 2951 2442 3017 Ramiresius
2458 3000 2477 3034 ,
2510 2974 2662 3015 cum

532 3060 730 3125 Petro
757 3056 1006 3122 Melian
1035 3054 1168 3144 (3),
1213 3078 1350 3119 esse
1385 3071 1606 3144 putat,
1651 3056 1836 3145 quod
1878 3058 1983 3122 ille
2026 3057 2230 3122 soleat
2267 3082 2450 3123 suum
2490 3081 2665 3123 mare
2702 3056 2707 3063 ’

529 3164 851 3257 adpellare
868 3212 886 3247 ‚
919 3181 1054 3250 quo
1085 3161 1371 3251 Hispane
1403 3185 1519 3227 ora
1549 3162 1857 3246 adluitur,
1892 3178 1968 3228 ut
2002 3186 2195 3229 versu
2230 3164 2315 3231 83
2344 3188 2359 3229 :

826 3328 1264 3351 .............
1302 3302 1360 3344 ut
1386 3310 1575 3364 gurges
1600 3291 1689 3347 hic
1714 3292 1881 3347 nostri
1904 3294 2065 3349 maris

810 3384 994 3455 Longe
1021 3380 1334 3454 explicetur,
1363 3392 1441 3433 est
1464 3380 1756 3435 Atlanticus
1779 3381 1951 3447 sinus,
1978 3394 2079 3437 etc.

534 3508 617 3573 Et
647 3531 708 3573 v.
739 3507 906 3572 180:

825 3658 1299 3676 ..............
1337 3622 1380 3675 si
1402 3620 1523 3695 quis
1545 3620 1614 3674 ad
1638 3634 1882 3676 nostrum
1908 3641 2056 3681 mare

815 3710 1136 3781 nal-mque
1161 3726 1376 3783 portum
1397 3709 1641 3765 semitam
1662 3708 1959 3765 tetenderit.

606 3902 686 3970 (ι)
722 3896 953 3962 Plinius,
981 3894 1071 3950 lib.
1094 3898 1175 3964 11,
1205 3916 1318 3970 cap.
1336 3900 1434 3970 673
1454 3897 1622 3965 Mela,
1642 3898 1735 3953 lib.
1756 3899 1869 3968 111,
1894 3919 1959 3971 9,
1996 3900 2083 3953 32.

604 4003 683 4069 (s)
718 4001 797 4053 De
821 3998 898 4051 Re
923 3998 1151 4065 rustica,
1172 3996 1261 4051 lib.
1281 3998 1336 4065 Ῑ,
1364 4018 1482 4071 cap.
1504 4006 1553 4067 1‚‘
1576 4002 1656 4055 13.

601 4100 682 4171 (3)
717 4100 782 4153 In
808 4098 970 4170 Epist.
991 4096 1162 4153 dedic.
1183 4116 1407 4171 opesum
1425 4100 1615 4155 Avieni
1631 4100 1699 4155 ad
1725 4100 2086 4155 Ramiresium.
