2996 4685
905 379 1040 448 DE
1087 381 1170 448 R.
1225 379 1539 448 FESTO
1601 378 2019 448 Av1ENo.
2482 399 2521 472 7

645 511 732 566 Sic
765 519 1012 564 montana
1052 521 1168 562 mos
1195 527 1408 582 semper
1434 509 1573 564 eolat
1600 506 1821 566 Umbria
1852 507 2051 574 fontes,

717 599 826 652 Nee
854 611 939 650 tua
963 598 1180 650 Baianas
1207 597 1416 652 Sarsina
1441 596 1594 652 malit
1619 614 1815 674 aquas3

645 685 843 759 Excipe
869 685 1118 740 sollicitos
1139 684 1380 758 placide,
1403 704 1522 739 mea
1545 685 1684 738 dona
1701 727 1717 756 ,
1750 686 1956 742 libellos
1977 707 1993 753 ;

713 775 802 828 Tu
829 774 989 829 fueris
1014 775 1180 828 Musis
1205 773 1414 847 Pegasis
1437 773 1582 828 unda
1610 775 1769 842 meis,
1797 789 1895 830 etc.

399 927 678 992 Caesium
709 925 1024 995 Sabinum
1053 926 1234 992 hune
1266 947 1438 1007 esse,
1469 926 1729 1014 plenius
1760 925 2000 1013 indicat
2024 924 2197 992 idem
2220 971 2239 1005 ,
2272 921 2536 1004 libyn,

401 1034 602 1124 epigr.
631 1053 742 1120 97,
775 1055 910 1122 quo
943 1033 1203 1121 pariter,
1227 1047 1311 1096 ut
1341 1031 1449 1096 hic
1465 1079 1486 1114 ,
1523 1032 1814 1098 libellum
1847 1032 2387 1121 epigrammatum
2421 1030 2535 1096 Sa·

403 1139 563 1204 bino
593 1138 794 1204 mittit
831 1154 896 1203 et
930 1137 1386 1204 commendat:

791 1301 940 1353 Nosti
967 1301 1012 1356 si
1047 1301 1182 1354 bene
1205 1301 1458 1368 Casium,
1481 1301 1683 1368 libelle,

793 1391 1060 1446 Montano
1088 1389 1251 1445 decus
1276 1390 1517 1446 Umbrio
1548 1392 1801 1445 Sabinum
1815 1434 1829 1458 ,

793 1477 917 1532 Auli
943 1478 1128 1532 mumc'
1129 1477 1269 1551 ipen
1291 1478 1396 1532 mei
1411 1477 1697 1544 Pudentis;

795 1563 884 1620 Illi
903 1576 964 1620 tu
983 1563 1132 1622 dabis
1152 1566 1292 1634 hnc,
1309 1567 1394 1624 vel
1409 1580 1699 1640 occupato,
1719 1577 1823 1620 etc.

399 1727 500 1790 Ut
533 1727 730 1807 hujus
763 1729 964 1793 fontis
997 1753 1294 1820 magnam
1328 1733 1598 1823 gratiam
1632 1747 1696 1796 et
1728 1730 2163 1796 celebritatem
2196 1727 2371 1818 apud
2398 1727 2547 1792 Um'·

409 1835 564 1898 bros
613 1833 844 1916 fuisse,
878 1858 954 1900 ex
1007 1837 1151 1925 ipso
1198 1838 1658 1929 epigrammate
1708 1835 2000 1928 adparet,
2040 1837 2129 1900 ita
2169 1851 2234 1900 et
2269 1836 2543 1899 Caesium

407 1939 759 2030 Sabinum,
797 1941 911 2026 qui
963 1940 1101 2019 ejus
1147 1941 1462 2005 fornicem
1518 1943 1859 2026 exstruxit,
1911 1943 2132 2006 multis
2187 1941 2430 2005 meritis
2480 1941 2546 2003 in

411 2044 774 2133 municipes
801 2067 955 2110 suos
971 2093 990 2126 ,
1015 2063 1083 2110 et
1104 2047 1342 2136 insigni
1369 2050 1539 2111 fama
1570 2047 2170 2135 existimationeque
2200 2047 2548 2112 hominum

414 2147 747 2234 floruisse,
794 2149 968 2216 idem
1010 2152 1316 2216 Martialis
1366 2151 1595 2234 doc'et,
1634 2154 1747 2242 qui
1797 2153 1983 2220 decus
2018 2151 2293 2218 Umbriae
2326 2169 2547 2236 vocat,

413 2271 556 2320 tum
611 2275 1039 2323 monumenta
1087 2259 1273 2349 plura
1318 2258 1390 2324 C.
1429 2260 1632 2324 Caesio
1682 2259 1923 2323 Sabino
1961 2259 2267 2351 inscripta
2305 2273 2370 2323 et
2404 2259 2551 2324 Sas-

415 2370 571 2433 sinae
605 2384 859 2457 reperta
878 2420 897 2454 ,
935 2394 1080 2459 quae
1110 2394 1148 2433 a
1182 2370 1462 2454 Fonteio
1498 2370 1983 2453 describuntur,
2012 2388 2077 2435 et
2107 2372 2407 2437 nonnulli
2435 2371 2557 2437 Pli-

417 2475 510 2538 nii
536 2474 814 2556 junioris
843 2474 1008 2557 loci,
1042 2476 1157 2564 qui
1195 2476 1412 2564 plures
1447 2475 1529 2540 ad
1559 2498 1711 2565 eum
1746 2478 2047 2567 epistolas
2085 2474 2284 2541 dedit.
2322 2478 2451 2541 Pro
2484 2500 2557 2543 ea

415 2578 621 2670 igitur
646 2580 1048 2665 celebritate,
1074 2604 1203 2670 qua
1236 2598 1302 2646 et
1331 2581 1480 2646 fons
1510 2582 1769 2670 publice
1800 2580 2137 2647 dedicatus
2164 2604 2203 2649 a
2229 2584 2464 2663 Caesio,
2497 2600 2563 2647 et

420 2689 559 2777 ipse
595 2688 730 2769 ejus
767 2687 1073 2752 conditor
1109 2688 1180 2751 in
1209 2686 1483 2753 Umbria
1519 2682 1823 2770 florebat,
1860 2688 2143 2753 dubitari
2173 2689 2281 2753 vix
2310 2704 2563 2778 potest,

423 2792 583 2883 quin
635 2794 828 2858 etiam
879 2794 1159 2859 auctoris
1209 2796 1479 2860 nomine
1530 2782 1743 2889 dictus
1798 2810 1863 2859 et
1912 2793 2271 2858 celebratus
2322 2795 2440 2876 sit,
2486 2812 2563 2863 ut

423 2902 608 2988 Aqua
653 2899 852 2965 Caesia
884 2917 1246 2983 vocaretur,
1273 2898 1594 2989 siquidem
1632 2899 1851 2989 plures
1895 2900 2020 2965 loci
2042 2901 2125 2963 ·in
2161 2901 2418 2964 Etruria
2437 2948 2457 2983 ,
2493 2916 2567 2967 ut

424 3008 629 3094 Aquae
659 3004 979 3103 Passeris,
1021 3008 1333 3101 Balneum
1361 3006 1555 3095 Regis
1576 3055 1595 3088 ,
1627 3030 1664 3070 a
1698 3005 2148 3091 conditoribus
2186 3007 2348 3087 suis,
2404 3007 2568 3071 scili-

428 3127 532 3176 cet
577 3112 889 3178 Petronio
939 3112 1202 3181 Passere
1225 3162 1242 3195 ,
1295 3128 1361 3177 et
1412 3113 1650 3177 Martio
1698 3116 1871 3202 Rege
1889 3160 1908 3194 ,
1959 3135 2201 3179 nomen
2248 3113 2566 3204 accepisse

427 3217 748 3283 videntur.
781 3218 868 3283 Et
890 3215 1158 3313 Rzffina
1191 3220 1420 3309 Aqua,
1451 3216 1703 3287 domini
1733 3220 2000 3285 nomine
2023 3218 2239 3301 dicta,
2258 3219 2567 3310 singulari
2638 3276 2648 3285 ,

429 3322 886 3412 epigrammate
911 3322 1233 3409 laudatur,
1269 3323 1448 3418 quod
1484 3324 1659 3391 Petr.
1685 3328 2097 3391 Burmannus
2132 3326 2199 3389 in
2238 3321 2568 3389 Addendis

429 3426 514 3494 ad
543 3444 703 3495 tom.
735 3430 800 3511 1,
831 3430 1095 3494 Anthol.
1127 3432 1262 3497 Lat.
1293 3454 1442 3521 pag.
1484 3434 1651 3520 740,
1690 3428 1891 3495 edidit
1924 3455 1938 3493 ε

676 3581 832 3652 Rupe
853 3578 958 3633 sub
979 3578 1086 3634 han
1112 3600 1246 3655 vaga
1269 3582 1492 3655 lympha
1516 3582 1596 3637 fui
1616 3583 1729 3637 sine
1752 3581 1999 3647 nonime,
2028 3582 2121 3639 aed
2140 3602 2287 3637 nunc

751 3666 966 3723 Ruffina
1002 3689 1032 3723 e
1061 3668 1265 3725 domini
1294 3674 1512 3727 nomine
1532 3672 1757 3745 lympha
1782 3690 1959 3727 vocor.

679 3758 778 3811 Ille
803 3758 1002 3812 etenim
1028 3778 1235 3833 sparsos
1259 3762 1438 3816 latices
1465 3762 1702 3833 collegit,
1729 3772 1780 3813 et
1800 3760 1971 3814 undas

751 3846 937 3914 Auxit,
971 3861 1023 3902 et
1049 3860 1314 3903 exstructo
1335 3851 1541 3905 fornice
1559 3849 1747 3903 clausit
1770 3836 1959 3923 aquus

443 4012 644 4097 Quod
661 4014 968 4083 Martialis
989 4019 1314 4100 adfirmat,
1333 4042 1565 4110 aquam
1592 4022 1773 4086 Caesii
1790 4022 2009 4087 Sabini
2027 4069 2044 4100 ,
2062 4026 2329 4107 propter
2352 4033 2573 4079 aucto-

441 4120 528 4185 ris
579 4137 646 4185 et
680 4122 965 4209 proesidis
1003 4126 1436 4194 eruditionem
1459 4176 1475 4209 ,
1512 4128 1643 4193 suis
1676 4127 1882 4190 Musis
1918 4128 2065 4189 loco
2093 4123 2283 4188 undae
2320 4122 2572 4211 Pegasi—
