2996 4685
701 418 1323 490 DESCRIPTIO
1387 422 1693 487 ORBIS
1760 418 2136 487 TERRAE.

2339 387 2471 486 361

449 540 784 611 Maenades
823 542 1157 638 extemplo
1201 541 1552 613 maculosae
1588 541 1889 610 nebridis
1920 566 2115 611 usum

444 656 837 721 permutant
871 652 1150 750 clypeis,
1187 653 1521 747 viridique
1561 651 1827 722 hastilia
1864 642 2089 745 thyrso

453 763 866 849 Succedunt;
904 764 1176 835 solvunt
1209 778 1649 859 properantes
1689 761 1889 831 lintea
1930 758 2202 830 Bacchae
2248 832 2256 837 ,

451 874 771 962 Vincula,
803 879 1026 947 viroso
1062 894 1294 973 pectus
1330 877 1601 945 vinxere
1637 874 1964 952 dracone;
2392 896 2495 947 ¹³7·

450 987 582 1053 Pro
620 986 802 1056 molli
841 990 1004 1057 vitta
1043 1002 1416 1083 prorepunt
1451 986 1636 1055 crine
1672 982 2012 1075 chelydri3

349 1175 533 1227 minus
558 1174 746 1229 usitata
774 1177 926 1229 verbi
951 1180 1230 1245 pra-ludere
1253 1194 1381 1228 cum

351 1264 547 1323 quarto
557 1272 704 1320 casu,
713 1274 886 1327 quum
901 1256 1030 1309 alias
1039 1255 1381 1324 dicaturproe-

353 1335 524 1382 ludere
551 1337 758 1401 pru-liis.
788 1335 876 1387 Sic
914 1335 1056 1387 enim
1096 1334 1292 1388 Statius
1325 1334 1382 1386 in

354 1410 508 1464 praef.
528 1412 618 1465 lib.
643 1414 700 1476 I,
726 1412 853 1465 silv.
877 1412 947 1466 ad
976 1413 1192 1468 Stellam
1212 1432 1226 1465 z
1245 1430 1382 1466 «nec

353 1490 637 1561 quisquam
659 1502 736 1543 est
761 1491 1046 1545 illustrium
1070 1504 1345 1565 poetarum
1362 1530 1380 1555 ,

355 1570 452 1639 qui
481 1588 588 1622 non
615 1570 864 1643 operibus
894 1571 1002 1624 suis
1028 1574 1169 1645 stylo
1193 1572 1381 1625 remis·

355 1649 494 1702 siore
519 1650 816 1722 praeluserit
837 1676 878 1703 ι».
911 1652 1014 1706 Sed
1037 1653 1384 1706 constructio-

358 1746 483 1780 nem
525 1746 649 1781 cum
677 1730 870 1801 quarto
907 1748 1034 1783 casu
1079 1731 1262 1785 saltem
1305 1748 1382 1782 se·

359 1806 545 1877 quiore
578 1818 726 1860 oetate
765 1810 1036 1862 latinitatis
1071 1810 1354 1863 invaluisse
1373 1850 1390 1875 ,

361 1884 688 1939 documento
713 1899 793 1939 est
816 1886 1076 1950 Rutilius,
1101 1890 1198 1960 qui
1224 1890 1316 1941 lib.
1336 1890 1384 1954 1,

361 1980 410 2016 v.
435 1967 534 2033 267
555 1982 570 2012 ε
597 1988 620 2009 ιι
641 1964 716 2017 Ut
743 1966 876 2018 solet
901 1968 1131 2019 excussis
1155 1984 1385 2038 pugnam

363 2040 660 2113 praeludere
676 2045 846 2115 glebis
861 2070 902 2097 n.

439 2122 594 2193 1367.
645 2128 916 2176 Maculosoe
966 2128 1179 2176 nebn‘de's
1228 2144 1384 2177 usum.

363 2201 674 2254 Universum
726 2216 1053 2257 armaturam
1101 2203 1295 2256 Bacchi
1337 2218 1390 2257 et

363 2280 690 2333 Baccharum
729 2281 820 2334 hic
855 2282 1042 2335 vides:
1093 2282 1162 2334 de
1195 2284 1388 2353 quibus

361 2361 592 2414 conferri
617 2373 792 2433 potest
814 2361 969 2416 ovid.
994 2363 1126 2415 Met.
1150 2364 1255 2426 IV,
1280 2382 1330 2416 v.
1353 2367 1386 2415 6

364 2459 474 2510 seq.
499 2441 629 2494 sm.
652 2441 827 2494 Theb.
854 2443 924 2502 11,
957 2445 1062 2504 664
1078 2479 1092 2504 ,
1116 2455 1168 2495 et
1195 2443 1388 2495 Noster

364 2537 526 2591 supra
565 2537 622 2570 v.
665 2520 788 2588 889,
841 2537 992 2588 1¹²9·
1041 2521 1268 2574 Solenne
1311 2533 1390 2574 est

366 2598 562 2667 poetis,
586 2597 654 2649 ad
681 2599 792 2649 vim
839 2609 889 2650 et
929 2599 1223 2668 potentiam
1259 2601 1390 2654 Bac-

367 2677 452 2729 chi
496 2674 907 2745 designandam,
942 2694 1088 2729 arina
1133 2689 1184 2730 et
1221 2691 1390 2746 gesta-

371 2754 512 2808 mina
555 2758 668 2827 ejus
715 2746 892 2807 subito
935 2767 1224 2826 permutata
1269 2775 1392 2808 cnm

371 2833 489 2886 aliis
516 2833 747 2904 fingere,
767 2834 851 2886 vel
882 2833 999 2886 aliis
1034 2833 1394 2888 instrumentis

371 2911 638 2966 inducere.
683 2912 784 2966 Hic
823 2912 962 2965 fiunt
1001 2931 1150 2966 arma
1189 2927 1240 2966 et
1290 2915 1394 2966 tela

370 2991 598 3045 hostilia.
625 2993 782 3064 Apud
807 2992 968 3046 Ovid.
994 2997 1116 3047 Met.
1144 2995 1246 3058 111,
1267 2995 1394 3057 664,

373 3072 534 3124 remis
559 3085 610 3124 et
633 3073 763 3125 velis
781 3073 1097 3144 predonum
1123 3073 1399 3145 inserpunt

374 3149 584 3204 hedera
611 3165 662 3204 et
687 3153 909 3216 racemi,
944 3166 996 3205 et
1023 3153 1116 3206 lib,
1144 3156 1249 3217 lv,
1294 3155 1396 3222 394

377 3247 520 3300 seqq.
549 3231 666 3282 telae
686 3243 738 3283 et
757 3243 930 3284 vestes
946 3273 961 3299 ,
985 3231 1074 3285 fila
1101 3245 1154 3285 et
1171 3235 1394 3286 stamina

377 3308 432 3360 in
451 3307 704 3373 hederas,
731 3309 885 3375 vites,
903 3309 1144 3382 palmites
1172 3324 1222 3365 et
1253 3331 1394 3384 pam-

375 3388 527 3458 pinos
553 3387 766 3440 abeunt.
793 3387 897 3441 W.

453 3465 605 3534 1369.
649 3469 848 3518 Salvum*
879 3483 1202 3535 properantes
1246 3472 1396 3520 Ie‘ntea

379 3547 588 3595 Baccha
601 3549 806 3598 ‘m‘ncula
817 3585 832 3608 ,
851 3547 926 3598 sic
945 3563 1131 3599 omues
1151 3548 1274 3600 edd.
1294 3548 1396 3603 Sed

377 3623 632 3676 mendosa
658 3625 770 3677 haec
793 3637 944 3697 putat
967 3625 1215 3679 Heinsius
1231 3667 1244 3693 ,
1262 3627 1395 3682 Adv.

378 3703 486 3764 111,
501 3721 548 3768 η,
559 3721 612 3774 p.
625 3711 654 3766 4
665 3721 686 3755 1
697 3723 722 3756 2
734 3743 749 3768 ,
765 3717 817 3757 et
833 3705 910 3758 sic
926 3704 1262 3758 scribendum
1273 3725 1402 3777 Ρω-

377 3781 498 3851 cipit
521 3798 536 3833 :
563 3807 585 3827 ι
609 3783 826 3838 solvunt
850 3784 1079 3837 rorantis
1106 3783 1242 3837 vitea
1269 3786 1400 3838 Bac-

379 3859 467 3912 chi
485 3861 712 3932 Cingula
731 3887 776 3915 ι.
798 3864 910 3917 Etsi
925 3883 1052 3917 vero
1069 3863 1210 3916 hanc
1229 3881 1404 3917 emen·

377 3937 648 3990 dationem
668 3959 734 3992 ex
753 3943 952 3996 usitatis
975 3941 1076 3995 hac
1099 3944 1152 3994 in
1175 3944 1398 3996 materia

377 4029 652 4088 poetarum
681 4017 1004 4075 dictionibus
1030 4021 1265 4086 instruit,
1283 4023 1402 4074 nul·

381 4098 486 4149 lam
537 4109 712 4150 tamen
751 4101 936 4154 Avieni
983 4101 1057 4152 sic
1107 4099 1404 4172 corrigendi

381 4179 738 4230 necessitatem
763 4219 776 4242 ,
811 4179 888 4232 vel
909 4183 1104 4251 justam
1143 4182 1400 4233 rationem

1469 1172 1643 1226 video.
1678 1172 1855 1224 Immo
1896 1170 2003 1243 ipsa
2046 1166 2231 1222 Avieni
2266 1183 2415 1220 mem
2440 1176 2493 1217 et

1469 1251 1726 1305 sententia
1762 1248 2167 1323 quodammodo
2194 1244 2311 1300 ledi
2342 1244 2491 1299 vide·

1468 1344 1578 1398 tur,
1602 1332 1693 1403 qui
1720 1349 1819 1403 per
1837 1330 2041 1402 species
2068 1346 2319 1381 enarrare
2340 1325 2454 1379 vult
2472 1362 2489 1389 ,

1468 1408 1775 1465 Maenadum
1784 1409 2079 1480 gestamina
2094 1406 2353 1460 Bacchica
2367 1422 2491 1458 cum

1470 1492 1631 1544 armis
1643 1499 1942 1561 permutata
1956 1529 1975 1553 ,
1986 1486 2233 1540 nebi-ides
2252 1504 2371 1539 cum
2388 1484 2499 1557 cly-

1470 1572 1582 1643 peis
1602 1610 1618 1635 ,
1652 1570 1864 1642 thyrsos
1898 1588 2020 1622 cum
2056 1567 2362 1621 hastilibus:
2394 1582 2495 1636 pro

1471 1652 1645 1704 linteis
1691 1652 1777 1703 vel
1823 1648 2073 1721 strophiis
2120 1647 2352 1701 Bacchas
2400 1642 2501 1697 sibi

1473 1744 1661 1803 pectus
1722 1728 2044 1783 draconibus
2093 1728 2320 1779 vinxisse
2337 1764 2354 1790 ,
2399 1740 2498 1795 pro

1474 1811 1617 1863 vittis
1630 1808 1857 1861 crinium
1872 1806 2152 1879 chelydros
2160 1802 2505 1875 implicuisse.

1475 1888 1724 1941 Heinsius
1738 1886 2075 1940 Maenadihus
2088 1904 2187 1956 pro
2202 1882 2375 1936 linteis
2388 1882 2503 1933 vin-

1476 1968 1610 2021 culis
1630 1967 1763 2023 vitea
1775 1965 1983 2035 cingula
1999 1963 2090 2016 dat
2102 2003 2118 2028 ,
2130 1960 2371 2033 adeoque
2380 1961 2503 2013 Bac·

1477 2048 1605 2100 chas
1638 2045 1837 2097 vitibus
1875 2060 2029 2096 suum
2061 2060 2251 2113 corpus
2276 2038 2504 2093 vinxisse

1477 2125 1737 2197 significat
1753 2164 1768 2189 ,
1801 2122 1946 2194 quod
1986 2140 2081 2193 ego
2126 2138 2235 2173 non
2282 2116 2503 2171 memini

1476 2204 1617 2277 apud
1642 2213 1823 2275 poetas
1842 2208 2015 2272 legere
2032 2242 2047 2269 ,
2068 2200 2159 2272 qui
2188 2199 2379 2251 vitibus
2402 2198 2502 2251 cir-

1477 2284 1823 2357 cumplicatos
1846 2293 2051 2334 tantum
2072 2281 2285 2354 thyrsos
2302 2295 2506 2331 memo-

1475 2375 1613 2418 rant.
1651 2363 1821 2434 Igitur
1862 2360 2193 2414 retinendam
2232 2359 2501 2430 vulgatam

1476 2444 1665 2497 Avieni
1686 2443 1964 2495 lectionem
1982 2443 2225 2494 arbitror.

1554 2523 1705 2592 1370.
1730 2525 1919 2574 Vir-oso.
1958 2519 2141 2573 Heius.
2177 2520 2211 2572 l.
2252 2538 2301 2572 c.
2338 2527 2504 2568 tentat

1477 2605 1665 2670 spir-oso
1681 2625 1701 2661 ;
1741 2600 1835 2654 sed
1854 2603 2049 2652 vit-osus
2076 2599 2326 2652 usitatum
2354 2596 2506 2648 Avie-

1479 2699 1552 2733 no
1594 2679 1864 2752 epitheton
1903 2678 2155 2750 anguium
2189 2689 2283 2730 est.
2312 2674 2399 2729 Sic
2423 2692 2504 2727 vs.

1485 2764 1585 2828 ¹7¹5
1608 2761 1801 2808 ὐἰνοεοε
1818 2771 2035 2806 cer-astas
2054 2755 2301 2826 adpellat.
2326 2754 2505 2805 En.—

1480 2843 1648 2888 Pectus
1656 2838 1872 2904 junxere
1889 2839 2105 2885 dracone
2116 2835 2253 2902 Ven.
2277 2845 2329 2885 et
2344 2833 2507 2903 Cu'sp.

1481 2905 1693 2968 vinxere
1710 2915 1922 2985 reliqui.

1561 2995 1712 3065 1371.
1757 3001 2031 3062 Prot-epum
2090 2996 2224 3044 crine
2270 2994 2504 3058 chelydri.

1484 3074 1731 3128 Heinsius
1774 3073 1843 3126 ad
1874 3071 2034 3126 Ovid.
2074 3071 2201 3125 Met.
2232 3072 2359 3135 XV,
2386 3075 2509 3138 620,

1485 3173 1549 3206 ex
1592 3153 1697 3205 hoc
1730 3152 1850 3204 loco
1893 3151 2037 3224 apud
2073 3151 2250 3205 Valet.
2299 3149 2513 3203 Maxim.

1484 3233 1578 3286 lib.
1608 3235 1682 3297 V,
1703 3251 1819 3303 cap.
1842 3231 1895 3294 6,
1912 3251 1989 3284 ex.
2013 3232 2066 3295 3,
2088 3228 2371 3302 legendum
2391 3247 2521 3281 cen--

1482 3327 1589 3366 set:
1604 3339 1631 3357 ι
1645 3311 1705 3362 Iu
1723 3311 1893 3382 capite
1908 3313 2019 3383 ejus
2038 3311 2211 3362 subito
2223 3309 2389 3362 veluti
2402 3317 2515 3360 col·-
2568 3371 2577 3386 ·

1483 3411 1591 3446 nun
1634 3401 1941 3461 crepserunt
1960 3415 2015 3453 a,
2058 3407 2168 3442 non
2193 3401 2510 3448 emet-senem,

1485 3471 1769 3541 firmatque
1793 3469 1913 3520 loco
1932 3467 2079 3531 Silii,
2104 3467 2264 3530 xm,
2296 3467 2421 3530 332,
2442 3465 2515 3519 de

1485 3553 1659 3604 Pane:
1685 3575 1709 3597 α
1727 3561 1915 3622 opacat
1940 3561 2177 3621 tempora
2215 3549 2401 3619 pinus,
2432 3549 2511 3600 Ac

1487 3647 1655 3704 parva
1698 3640 1921 3702 crepunt
1972 3627 2271 3681 rubicunda
2312 3645 2515 3681 cornua

1488 3712 1662 3763 fronte
1680 3735 1705 3754 u·
1721 3747 1736 3773 ,
1792 3709 1885 3761 ubi
1941 3724 2197 3776 erumpunt
2237 3725 2513 3780 perperam

1489 3789 1867 3842 circumfertur
1913 3787 2103 3840 Emis.
2149 3818 2220 3829 --
2268 3788 2509 3854 Chelydri.

1491 3866 1806 3920 Prudentius
1832 3867 1921 3920 lih.
1950 3867 1979 3918 1
1998 3879 2179 3920 contra
2206 3865 2514 3919 relationem

1492 3947 1825 4018 Symmachi,
1841 3967 1894 4000 v.
1918 3947 2015 4000 130
2035 3965 2087 3999 t·-
2110 3946 2306 3998 virides
2324 3945 2511 3998 discin-

1492 4025 1628 4078 dunt
1652 4043 1743 4078 ore
1770 4025 2051 4100 chelydros
2071 4064 2086 4089 ,
2104 4026 2215 4092 Qui
2240 4025 2511 4076 Bromium

1493 4105 1702 4175 placare
1746 4107 1929 4158 volunt
1951 4133 1990 4156 n.
2010 4104 2135 4156 vid.
2170 4101 2411 4173 Euripid.
2456 4100 2513 4152 in

1493 4183 1737 4246 Bacchis,
1772 4197 1821 4235 et
1848 4184 2111 4238 Plutarch.
2148 4184 2201 4234 in
2230 4177 2518 4232 Alexandri
