2996 4685
721 443 1338 511 DESCRIPTIO
1403 444 1699 512 ORBIS
1753 443 2134 513 TERRAE.
2348 443 2486 515 325

465 566 755 638 Barbara
790 566 1203 659 montivagos
1239 563 1431 634 tellus
1472 566 1767 635 extendit
1807 569 2147 637 Erembos.

465 678 554 745 Hi
595 678 798 745 vitam
843 676 1026 745 duris
1063 678 1320 769 agitant
1358 676 1426 743 in
1465 677 1769 745 cautibus
1814 674 2119 761 omnem3

370 882 512 953 agit,
571 882 699 936 falsa
751 884 898 956 loqui
940 882 1166 937 videtur.
1225 885 1413 953 (Tale·

372 962 563 1015 Avieni
582 976 858 1033 peccatum
877 966 988 1035 jam
1017 963 1196 1017 notavi
1227 963 1296 1017 ad
1317 984 1392 1017 vs.

1480 885 1529 947 ἐξ
1556 887 1745 957 ἀνέμοιο
1772 886 1963 958 Rapit-oi
1984 888 2295 939 τελεθάουσιν.
2330 888 2495 941 Scan.

1478 994 1549 1005 —·-
1581 972 1691 1034 Qua
1729 972 1893 1035 plaga
1918 969 2173 1035 fecundos
2216 969 2311 1019 alie
2342 969 2499 1017 almos

376 1040 495 1112 137,
523 1054 575 1094 et
605 1054 808 1113 poterat
841 1043 1085 1115 pluribus
1120 1043 1252 1095 locis
1297 1062 1392 1096 no·
1458 1047 1697 1114 fluctibus
1749 1066 1901 1114 agros
1930 1067 1947 1095 .·
2000 1047 2074 1100 sic
2120 1048 2258 1099 Ven.
2308 1046 2500 1099 Melius

370 1121 490 1173 tari.
520 1121 645 1187 W.)
692 1124 950 1176 Caeterum
989 1123 1271 1193 singularis
1316 1136 1396 1176 est

369 1196 604 1265 locutio,
643 1228 668 1248 n
686 1202 848 1273 plaga
884 1202 1084 1254 Favoni
1126 1202 1217 1254 alit
1241 1221 1395 1273 agros

369 1276 502 1331 flatu
519 1304 561 1332 ι.
600 1280 908 1353 Comparari
931 1291 1102 1353 potest
1124 1281 1272 1334 locus
1297 1281 1392 1334 Se-

369 1374 540 1423 necoe,
569 1358 722 1411 Herc.
744 1360 872 1413 OEt.
898 1362 999 1411 622
1017 1398 1032 1423 ‚
1076 1371 1301 1413 tentatus
1328 1361 1395 1411 ab

368 1436 629 1513 Heringa:
673 1465 696 1486 ι
717 1441 826 1494 Nec
847 1452 1023 1493 tamen
1046 1440 1216 1493 omnis
1241 1441 1394 1512 plaga

367 1520 664 1589 gemmiferi
687 1519 896 1574 Sufficit
917 1520 1063 1572 Istri.
1083 1559 1095 1573 .
1111 1556 1124 1569 .
1151 1539 1251 1572 nec
1275 1539 1396 1591 quae

369 1597 616 1670 Zephyro
641 1598 858 1653 Subdita
883 1598 1057 1661 tellus,
1076 1611 1174 1652 etc.
1187 1624 1212 1643 ι·
1230 1598 1395 1652 Sena.

370 1708 442 1717 —
503 1683 756 1731 Fecundos
810 1681 900 1729 alie
957 1683 1114 1730 almos
1153 1680 1394 1749 fluctibns

370 1776 524 1825 agros
545 1779 564 1808 :
596 1760 672 1811 sic
699 1756 786 1811 ed.
823 1757 965 1809 Pith.
1003 1762 1147 1811 almis
1156 1760 1394 1829 fluctibus

371 1836 456 1889 ed.
479 1836 646 1891 Huds.
686 1836 788 1892 Sed
823 1837 878 1888 in
905 1838 1046 1889 notis
1073 1836 1392 1890 Hudsonus:

372 1915 554 1969 forsan
593 1921 737 1969 almis
771 1919 995 1987 flatibus.
1049 1916 1232 1968 Burm.
1287 1934 1390 1968 sec.

373 1992 444 2046 ad
464 1995 702 2049 Lactant.
716 1996 960 2048 Phoen.v.
981 1994 1048 2065 39
1071 2014 1084 2046 :
1109 2022 1134 2040 α
1158 1999 1396 2046 Fecundis

354 2077 596 2142 fluctibus
633 2075 946 2145 praeferebat
991 2074 1250 2126 Heinsius.
1294 2074 1395 2127 Sed

371 2157 755 2225 almisfhtibus,
791 2166 848 2206 ut
871 2154 1158 2225 reponebat
1181 2154 1395 2207 Hudso-

367 2250 507 2298 nus,
538 2232 783 2286 firmatur
815 2253 848 2286 a
887 2243 1091 2285 vetusto
1125 2231 1248 2285 cod.
1282 2234 1395 2285 Me-

364 2308 665 2366 diolanensi
676 2354 691 2379 ,
713 2324 766 2366 et
783 2312 1064 2384 probatum
1079 2312 1182 2364 snit
1199 2312 1396 2366 Patruo

365 2407 490 2444 meo
513 2390 580 2444 ad
608 2392 730 2444 Val.
751 2391 1032 2455 Flacmvl,
1051 2393 1156 2454 340
1171 2417 1212 2444 ι.
1232 2392 1392 2464 Atqui

365 2469 615 2523 Heinsius
649 2470 718 2523 ad
753 2471 910 2525 Ovid.
939 2471 1086 2533 v11,
1125 2472 1224 2524 532
1267 2472 1394 2543 legit

365 2552 514 2601 almis
521 2552 760 2619 flatibus,
801 2563 854 2603 et
875 2551 932 2601 in
952 2548 1089 2602 Add.
1115 2548 1186 2602 ad
1204 2548 1389 2603 Claud.

366 2647 428 2700 p.
459 2631 579 2697 948.
615 2629 700 2682 Sic
727 2643 779 2682 et
801 2630 1043 2701 Higtius,
1081 2641 1132 2682 et
1155 2629 1392 2682 Withof.

369 2710 547 2780 Atque
571 2708 676 2761 hoc
707 2708 870 2782 recipi
893 2709 1028 2761 sorte
1050 2717 1222 2779 posset
1248 2705 1387 2758 eodi-

369 2787 446 2839 cis
471 2789 657 2840 Ambr.
683 2787 998 2840 auctoritate
1015 2825 1030 2850 ,
1077 2797 1128 2838 et
1157 2787 1392 2838 virorum

367 2864 508 2920 doct.
537 2867 1008 2921 consensu.Verius
1027 2879 1201 2918 tamen
1224 2864 1388 2916 forte:

351 2947 593 3014 fecundis
637 2950 732 2999 alic
777 2951 933 2998 almos
969 2947 1175 3015 flatibus
1223 2963 1391 3012 agros.

369 3024 535 3078 Scan.
561 3060 632 3067 —
657 3027 724 3079 Et
749 3027 886 3079 mihi
911 3025 1028 3079 haec
1051 3025 1233 3091 lecti0,
1255 3041 1392 3096 prae-

371 3116 452 3156 ter
501 3106 732 3159 rationes
772 3125 802 3158 a
843 3105 1063 3158 Schrad.
1104 3103 1392 3169 adductas,

373 3203 404 3233 e
443 3185 624 3255 primm
673 3184 917 3238 editionis
958 3188 1245 3256 scriptura,
1274 3201 1390 3256 quoe

372 3266 530 3314 almos
563 3285 713 3333 agros
752 3265 976 3316 servavit
995 3306 1010 3331 ,
1045 3284 1152 3318 non
1197 3283 1389 3336 parum

373 3343 676 3396 confirmari
711 3343 944 3396 videtur.
990 3344 1141 3396 Hanc
1176 3359 1391 3415 quoque

372 3423 519 3475 omni
546 3423 708 3477 modo
735 3443 790 3477 se
815 3422 1061 3494 praeferre
1079 3421 1207 3475 dicit
1223 3422 1390 3475 Was-

371 3505 515 3562 nenb.
540 3505 641 3557 En.
681 3535 746 3545 —-
781 3509 951 3555 Almus
976 3524 1098 3571 ager
1125 3503 1388 3574 frequens.

371 3583 456 3637 Sic
474 3584 625 3656 Vix-g.
641 3583 832 3655 Georg.
858 3585 942 3647 11,
965 3582 1096 3636 330:
1118 3609 1143 3628 ‹-
1159 3583 1388 3637 Parturit

371 3663 539 3716 almus
570 3682 694 3735 ager
715 3689 754 3714 n.
796 3665 1025 3714 Fecunda
1056 3674 1234 3714 tamen
1262 3683 1387 3715 aura

369 3742 658 3813 aliquando
695 3741 902 3796 dicitur.
939 3743 1020 3794 Ita
1058 3741 1218 3794 Prisc.
1247 3745 1380 3812 978:

370 3847 393 3865 ··
408 3819 618 3874 Fertilis
639 3820 750 3874 haec
770 3820 925 3873 tellus
949 3818 1188 3874 fecundis
1210 3823 1384 3893 pasci·

371 3912 458 3952 tur
479 3900 620 3952 auris
635 3941 650 3966 ,
691 3901 830 3954 Nam
863 3900 1031 3955 ventis
1055 3917 1262 3972 semper
1285 3899 1382 3954 sso-

371 3990 578 4033 rescunt
607 3997 732 4032 rura
759 3978 1063 4033 secundis».
1105 3979 1378 4034 Catullus:

371 4085 394 4102 ιι
419 4061 562 4112 Aura
600 4059 740 4130 parit
777 4059 932 4112 flores
964 4058 1130 4130 tepidi
1156 4059 1383 4114 fecunda

371 4136 572 4190 Favoni
595 4162 638 4190 ι.
683 4137 967 4212 Dionysius
1001 4139 1113 4212 ipse
1145 4128 1383 4211 adposite

1479 1124 1639 1196 Cusp.
1674 1137 1725 1177 et
1762 1124 1989 1177 vadian.
2022 1130 2115 1178 aIe'e
2138 1118 2499 1198 almis'flatibus

1479 1223 1647 1271 agros.

1559 1301 1581 1333 1
1594 1284 1709 1346 143.
1748 1288 1969 1335 Barbara
2009 1289 2314 1353 montivagos
2364 1290 2501 1336 tellus

1481 1366 1711 1414 extendit
1734 1367 1976 1417 Erembos.
2003 1365 2330 1435 Stephanus:
2382 1364 2503 1435 Βάρ-

1483 1434 1625 1503 βαρος
1648 1433 1827 1504 εἴρηται
1853 1434 1990 1506 παρὰ
2016 1438 2111 1495 τοῖς
2129 1438 2368 1506 νεωτέροις
2396 1437 2505 1487 ἐθνι-

1481 1520 1607 1577 κῶς,
1650 1514 1734 1583 ἀφ’
1755 1508 1807 1565 οὗ
1836 1513 2100 1585 Βαρέαρὶα.
2138 1510 2251 1568 ἐστι
2283 1514 2337 1569 δὲ
2364 1518 2504 1587 χώρα.

1481 1591 1620 1663 παρὰ
1644 1592 1722 1643 τὸν
1738 1584 1941 1665 Ᾱράὲιον
1960 1595 2154 1646 κόλπον.
2175 1594 2361 1657 Sinum
2374 1600 2505 1649 Ara-

1480 1672 1661 1724 bicum
1678 1670 2355 1745 adcolebantTroglodytae,
2371 1677 2506 1729 Ava-
2596 1706 2603 1709 ·

1481 1750 1587 1803 litae
1606 1792 1621 1817 ,
1659 1764 1712 1805 et
1737 1752 1981 1823 Mossyli,
2014 1766 2131 1825 post
2158 1773 2297 1826 quos
2326 1774 2506 1810 versus

1482 1829 1755 1884 meridiem
1783 1832 2001 1884 Barbari
2022 1834 2294 1906 AEthiopes
2308 1874 2323 1899 ,
2344 1854 2375 1889 a
2394 1838 2508 1909 qui-

1469 1910 1583 1987 ⁴bus
1625 1914 1865 1963 Barbaria
1902 1909 2060 1965 dicta.
2106 1914 2401 1967 Marcianus
2439 1914 2507 1968 de

1483 1992 1605 2043 sinu
1640 1990 1863 2043 Arabico
1880 2010 1896 2042 ε
1946 1999 2231 2062 Παροικοῦσι
2270 1990 2326 2044 δὲ
2354 1994 2506 2061 τούτῳ

1486 2072 1534 2123 οἵ
1557 2089 1610 2122 τε
1638 2073 1919 2143 καλούμενοι
1937 2067 2281 2145 Τρωγλοὸἵιται
2298 2113 2311 2137 ,
2340 2072 2422 2125 καὶ
2462 2074 2505 2124 οἱ

1485 2150 1717 2203 sonim
1744 2191 1757 2213 ,
1795 2150 1879 2203 καὶ
1900 2154 2093 2221 προσέτι
2112 2172 2173 2224 γε
2196 2155 2239 2204 οἱ
2264 2154 2504 2204 Mauo-eou-

1482 2239 1557 2281 λοι
1579 2230 1642 2281 τὰ
1672 2232 1790 2286 ἔθνη.
1821 2230 1943 2283 Haec
1968 2232 2143 2283 omnia
2171 2228 2504 2305 Τρωγλοδυτι-

1483 2316 1568 2369 κῆς
1621 2310 1839 2362 nomine
1894 2310 2274 2384 comprehendi
2324 2313 2504 2380 solita,

1481 2401 1666 2442 auctor
1690 2401 1768 2442 est
1798 2390 2109 2444 Ptolemaeus
2127 2432 2142 2457 ‚
2184 2393 2269 2446 cui
2296 2406 2503 2446 couter-
2584 2413 2587 2418 ·

1480 2469 1629 2522 mina
1662 2469 1924 2523 Barbaria.
1961 2471 2109 2536 Quin
2142 2483 2193 2523 et
2219 2470 2505 2545 Τρωγλοδυ-

1479 2551 1612 2604 τικὴν
1634 2550 1800 2620 ipsam
1818 2550 2036 2602 Veteres
2054 2548 2367 2622 plerumque
2386 2559 2506 2604 Bar·

1478 2631 1667 2678 barium
1714 2625 2063 2700 indigiturum
2122 2644 2336 2703 propter
2380 2634 2506 2686 vici-

1478 2707 1716 2759 nitatem.
1737 2709 1967 2761 Ssmns.
1988 2707 2055 2760 ad
2088 2709 2250 2762 Solin.
2290 2729 2345 2782 p.
2375 2711 2499 2778 561,

1475 2785 1530 2836 b.
1558 2785 1621 2836 E.
1649 2785 1821 2837 Erunt
1844 2788 1994 2852 forte,
2016 2786 2110 2858 qui
2136 2787 2298 2841 velint
2322 2789 2503 2844 erudi-

1479 2863 1737 2916 tissimum
1758 2863 1973 2915 Poetam
1999 2883 2062 2918 eo
2086 2867 2366 2938 respexisse
2398 2875 2499 2938 (sc.

1481 2955 1541 2995 ut
1577 2941 1789 3014 proprie
1826 2946 2118 2994 Bar-barium
2159 2945 2495 3014 intellexerit,

1480 3023 1515 3074 i.
1546 3041 1589 3076 e.
1621 3023 1706 3080 τὴν
1732 3017 2165 3096 Τρωγλοῶπικήν).
2194 3025 2298 3080 Sed
2329 3046 2498 3100 quum

1480 3105 1671 3176 saepius
1722 3102 1929 3175 vulgari
1980 3123 2135 3158 sensu
2186 3121 2389 3179 ponat,
2441 3124 2502 3163 ut

1479 3203 1558 3236 vs.
1580 3186 1711 3248 860,
1737 3202 1839 3237 neo
1865 3184 1951 3237 hic
1979 3187 2048 3238 ab
2084 3205 2149 3238 eo
2172 3189 2497 3241 recesserim.

1479 3261 1561 3315 Ad
1582 3261 1841 3333 phrasim:
1874 3289 1897 3310 c
1914 3263 2147 3317 extendit
2168 3265 2421 3320 Erembos
2444 3293 2467 3313 υ
2491 3309 2507 3334 ,

1480 3341 1665 3395 confer
1686 3342 1805 3394 loca
1825 3343 2043 3408 similia,
2066 3361 2144 3395 vs.
2165 3345 2267 3412 493
2294 3361 2309 3395 :
2346 3357 2498 3400 «tum

1478 3421 1647 3474 multa
1672 3420 1967 3476 tenduntur
1986 3435 2136 3494 parte
2160 3423 2333 3476 Latini
2354 3452 2379 3472 .-
2400 3446 2415 3490 ;
2446 3443 2499 3483 et

1479 3521 1529 3553 v.
1552 3500 1655 3554 526
1676 3519 1691 3553 :
1720 3527 1745 3547 κ
1760 3503 1825 3553 Et
1846 3519 2005 3572 super
2024 3503 2192 3555 arenti
2208 3505 2499 3565 tenduntur

1475 3581 1699 3654 Iapyges
1715 3600 1895 3652 agro».
1922 3583 2149 3632 Erembos
2177 3595 2327 3636 tueor
2344 3606 2497 3644 versu

1479 3678 1599 3729 271,
1641 3672 1755 3712 tum
1796 3679 2011 3732 quoque
2053 3663 2357 3719 auctoritate
2384 3671 2495 3724 Ho-

1474 3740 1608 3793 meri
1642 3753 1695 3793 et
1727 3739 2191 3811 Geographorum,
2222 3756 2493 3819 tamquam

1469 3818 1648 3890 steph.
1675 3820 1801 3891 Byz.
1822 3819 2288 3878 Suum-Eremos
2309 3847 2493 3886 omnes

1469 3897 1742 3953 editiones.
2486 3959 2491 3964 ,

1548 3987 1699 4047 1044.
1716 3987 1777 4032 In
1803 3984 2021 4032 cautibus
2047 4002 2247 4036 omnes:
2274 3988 2349 4042 sic
2376 3994 2493 4062 qui-

1471 4061 1595 4115 dem
1619 4079 1803 4115 omnes
1830 4059 1953 4115 edd.
1977 4061 2075 4116 sed
2098 4065 2313 4121 Schrad.
2340 4069 2395 4122 in
2421 4075 2485 4124 Α.

1471 4141 1670 4194 invenit
1685 4161 1892 4204 omnem,
1912 4141 2075 4216 idque
2094 4143 2267 4218 ipsum
2289 4168 2345 4201 se
2368 4169 2486 4204 con-

370 4233 424 4267 v.
457 4222 587 4288 1078
613 4239 626 4271 τ
655 4217 754 4272 Atei
783 4216 831 4270 δ’
850 4213 910 4272 αὖ
929 4221 1107 4290 λιαροῖο
1130 4220 1384 4292 γεγηθότες
1465 4223 1656 4293 jecisse
1678 4221 1935 4276 adfirmat.
