2996 4685
795 355 1409 428 DESCRIPTIO
1468 350 1767 420 ORBIS
1829 347 2204 416 TERRAE.

2418 341 2554 436 267

531 484 1120 573 Constrictumque
1160 489 1392 545 tenent
1428 475 1610 542 hunc
1653 471 1925 564 frigora.
1975 466 2286 536 Proxima
2331 487 2560 531 rursus

531 593 878 665 Cimmerii
912 589 1233 682 Sindique
1269 585 1534 655 colunt:
1573 580 1882 654 Cercetio·
1909 602 2072 673 gens
2107 590 2207 645 est

2481 595 2558 634 866

537 711 753 798 Atque
794 705 1194 771 Toretarum
1237 710 1512 791 propter
1548 717 1796 788 genus:
1833 689 2119 782 indeque
2155 684 2380 756 Achaei
2411 736 2429 768 ‚

535 815 640 884 Ab
682 812 936 883 Xanthi
978 809 1141 902 ripis
1182 821 1383 900 atque
1416 805 1596 874 Idaeo
1635 803 2010 880 Simoente,

530 928 717 992 Inter
748 922 1169 1015 cauricrepas
1206 930 1275 986 et
1316 938 1666 1009 scruposas
1705 909 2077 996 convalleS,

510 1113 633 1166 865.
675 1114 1089 1178 constr-icumque
1126 1121 1292 1159 tonent
1329 1109 1459 1156 hunc

422 1195 641 1261 frigora.
668 1192 755 1244 Sic
791 1202 842 1243 et
876 1188 1194 1261 Dionysius,
1220 1205 1298 1240 vs.
1322 1186 1454 1236 666:

439 1278 531 1324 Τοῦ
554 1267 602 1322 δ’
620 1271 679 1323 ἂν
707 1270 1012 1341 κυμαίνοντος
1036 1265 1275 1336 ἀπείριτον
1302 1265 1356 1316 ἐκ
1380 1270 1461 1314 Βο-

440 1353 580 1420 ρέαο,
612 1349 826 1424 narret-bv
863 1347 1111 1419 ἀθρήσιιας
1138 1344 1235 1396 ἀπὸ
1264 1345 1458 1413 κρυμοὶο

439 1431 679 1502 παγέντα.-
707 1441 757 1481 et
790 1427 951 1480 Prisc.
980 1445 1057 1479 vs.
1086 1423 1218 1478 655:
1248 1447 1269 1468 ιι
1300 1421 1458 1472 Hunc

437 1523 615 1562 tamen
643 1507 898 1560 immenso
920 1516 1210 1558 torrentem
1237 1499 1459 1552 flumine

438 1588 593 1642 vertit
624 1589 689 1640 In
713 1587 933 1660 glaciem
972 1585 1165 1637 Borean
1191 1577 1460 1633 horrendo

440 1667 650 1720 flamine
676 1685 847 1720 saevus
865 1691 887 1712 ι
906 1705 918 1717 .
952 1665 1121 1736 Negat
1144 1674 1322 1714 tamen
1342 1659 1459 1709 Me-

440 1747 487 1800 la
508 1785 523 1812 ,
554 1749 613 1812 1,
638 1765 752 1818 cap.
781 1763 873 1814 19,
907 1743 1042 1797 130:
1076 1767 1099 1788 ιι
1122 1742 1243 1813 Ipse
1265 1737 1460 1791 Tanais

439 1845 501 1880 ex
540 1825 757 1898 Rhipaeo
804 1835 986 1876 monte
1040 1821 1274 1893 dejectus
1328 1815 1460 1870 adeo

440 1925 673 1979 praeceps
702 1904 807 1956 ruit
826 1943 843 1970 ,
870 1915 970 1957 etc.
996 1927 1018 1948 ι
1046 1901 1208 1956 sonu.
1229 1896 1460 1949 —Inte-

441 2003 593 2056 grum
619 1984 793 2036 locum
815 1984 928 2055 jam
954 1977 1183 2054 produxi
1206 1975 1275 2030 ad
1298 1975 1462 2028 Prisc.

442 2083 489 2116 v.
517 2063 641 2118 655.
666 2063 770 2118 W.
791 2093 862 2102 -—
882 2060 1159 2114 Vedianas
1174 2057 1263 2110 hic
1284 2055 1462 2108 distin-

440 2143 555 2217 guit
603 2157 772 2195 tenent
810 2145 941 2193 hunc
964 2141 1171 2210 frigora
1206 2139 1461 2206 proxima.

442 2228 639 2284 Rursus,
668 2225 1244 2295 perperam—Rursum
1272 2215 1338 2268 V.

511 2304 631 2356 866.
688 2301 929 2356 cimmerii
976 2302 1211 2367 Sindique
1270 2299 1456 2348 colunt.

439 2416 511 2425 —-
541 2386 817 2437 Cimmerius
866 2384 1079 2449 Indique
1114 2380 1249 2431 Ven.
1291 2376 1459 2430 Nimi-

439 2481 559 2515 rum
600 2484 623 2514 s
672 2464 819 2515 vocis
861 2464 1005 2513 Sindi
1051 2459 1187 2511 male
1241 2455 1459 2509 adhaesit

439 2543 558 2595 voci
580 2542 915 2615 praecedenti.
944 2540 1138 2594 Similis
1160 2535 1458 2608 corruptela

441 2620 583 2691 apud
617 2620 866 2675 Herodot.
901 2621 1014 2683 IV,
1055 2621 1136 2672 28.
1180 2618 1459 2669 Cimmerius

439 2702 678 2768 Sindique
702 2702 768 2753 V.
796 2701 1037 2753 Cimmerii
1056 2700 1291 2764 Sindique
1310 2694 1459 2748 Pith.

442 2791 521 2846 et,
544 2790 601 2831 ut
626 2778 853 2847 videtur,
869 2780 931 2832 A.
951 2796 1116 2851 quare
1136 2776 1271 2828 nihil
1294 2786 1463 2827 muta·

443 2860 495 2911 vi
515 2900 531 2926 ,
573 2876 895 2932 quamquam
930 2858 1087 2913 scribi
1126 2868 1300 2930 potest
1338 2856 1464 2906 Cim-

441 2942 633 2992 merius.
653 2939 813 2992 Scan.
833 2970 906 2979 -—-
931 2938 1211 2990 Cimmerius
1232 2937 1465 3002 Sindique

443 3018 606 3089 Cusp.
629 3018 769 3072 Vad-
788 3019 1269 3085 Citmncrie‘Sinquue
1278 3015 1462 3067 Ambr.

444 3096 891 3151 Hnds.-—Cercitia
904 3119 1031 3168 gens
1055 3114 1144 3150 ese.
1161 3097 1344 3151 Scribe
1356 3100 1465 3148 Cer-

444 3179 599 3237 ceu‘a,
640 3190 693 3229 et
720 3197 839 3231 mox
874 3184 1169 3229 Tot-emnam.
1205 3175 1463 3230 Harduin.

444 3252 514 3307 ad
533 3254 692 3307 Plinii
718 3254 929 3318 lil›.vl‚
969 3254 1140 3329 p.756
1165 3256 1239 3325 (in
1264 3268 1375 3308 not.
1394 3252 1462 3306 ad

442 3334 533 3387 lib.
550 3334 659 3400 vl,
681 3346 808 3387 sect.
830 3336 884 3401 5,
910 3354 1057 3389 num.
1080 3335 1282 3403 XXII).
1296 3334 1464 3387 Hune.

444 3444 516 3453 --·
545 3415 750 3466 Cercin‘a
768 3415 906 3467 Ven.
942 3412 1082 3467 Pith.
1126 3426 1177 3468 et
1216 3414 1293 3467 sic
1320 3414 1465 3485 apud

443 3492 751 3551 Strabonem
774 3533 791 3560 ,
822 3492 966 3556 XII,
1001 3511 1056 3564 p.
1087 3493 1205 3545 825.
1226 3494 1285 3544 Β.
1305 3494 1464 3565 Apud

440 3576 782 3629 Ptolemaeum
804 3592 901 3645 pro
926 3574 1163 3646 Κιρκέται
1188 3574 1281 3628 MS
1306 3574 1467 3629 Coisl.

444 3674 563 3727 pag.
593 3656 699 3723 698
732 3658 978 3725 npxtraz.
1009 3656 1089 3706 An
1116 3654 1249 3707 tales
1276 3674 1468 3729 sequn-

444 3746 529 3785 ωε
554 3746 631 3787 est
652 3732 917 3789 Avienus?
931 3733 1229 3787 CercetiaV.
1252 3746 1303 3787 et
1329 3735 1387 3787 A.
1410 3748 1468 3789 ut

445 3813 760 3887 Dionysius,
789 3832 840 3866 v.
864 3816 964 3867 682
986 3852 1002 3878 ‚
1040 3813 1297 3867 Priscian.
1327 3816 1430 3868 663
1449 3854 1466 3879 ,

446 3905 498 3945 et
547 3893 739 3945 caeteri.
802 3892 958 3947 Unus
1014 3906 1188 3948 autem
1237 3892 1469 3947 Avienus

444 3972 702 4045 syllabam
725 3994 783 4023 ce
809 3972 1087 4045 producit,
1118 3992 1277 4045 quam
1296 3974 1467 4027 caeteri

445 4051 769 4123 corripiunt,
798 4064 857 4105 ut
894 4052 1107 4125 Dionys.
1138 4054 1388 4107 Priscian.
1416 4066 1465 4107 et

444 4130 613 4203 Orph.
630 4133 823 4202 Argon.
842 4151 888 4185 v.
914 4138 1047 4197 1044
1073 4151 1085 4186 :
1119 4134 1399 4204 Κερκετυιόν
1425 4140 1467 4185 τ’

1547 1101 1730 1175 ἀνδρῶν
1776 1107 1944 1170 φῦλον,
1989 1105 2158 1152 Σιντῶν
2199 1104 2243 1149 τ’
2282 1094 2564 1168 ἀγερώχων.

1549 1187 1744 1236 Cer-titia
1759 1181 1920 1255 Cusp.
1934 1199 2060 1233 sane
2071 1193 2365 1252 perperam.
2382 1175 2484 1226 En.

1618 1266 1738 1333 867.
1783 1263 1891 1315 Pro
1929 1267 2095 1328 Aeque
2147 1264 2401 1310 otetur-um
2439 1271 2564 1305 cum

1547 1347 1824 1400 Hei-duiuo
1845 1357 2002 1416 atque
2030 1340 2142 1395 aliis
2167 1337 2386 1392 restituo
2403 1340 2568 1402 Aeque

1554 1433 1850 1480 Torecarum.
1890 1425 2068 1477 Litera
2093 1418 2415 1491 majuscula,
2444 1413 2567 1466 dein

1547 1503 1914 1580 adpingenda‚
1945 1503 2117 1556 suerat
2141 1499 2348 1552 omissa.
2369 1495 2570 1565 Τορὲτοιι

1548 1599 1814 1640 vocantur
1835 1598 1888 1638 et
1910 1589 2098 1635 Torceoe
2118 1599 2148 1632 a
2171 1579 2390 1649 Dionys.
2409 1574 2567 1627 Prisc.

1547 1665 1728 1738 Steph.
1759 1667 1883 1738 Byz.
1913 1662 2084 1716 Plinio
2111 1679 2126 1713 :
2172 1675 2334 1730 quare
2361 1655 2448 1706 vix
2473 1651 2572 1704 du-

1545 1745 1657 1798 bito
1675 1783 1692 1810 ,
1727 1745 1858 1817 quiu
1882 1743 1938 1796 id
1963 1740 2166 1815 pariter
2188 1731 2570 1791 restituendum

1549 1827 1617 1879 sit
1639 1826 1914 1890 Straboni,
1940 1824 2051 1885 XI,
2081 1824 2202 1892 757.
2229 1819 2290 1871 C.
2320 1814 2413 1867 ubi
2438 1811 2560 1882 legi-

1549 1918 1634 1958 tur
1651 1905 1903 1976 Τορεοὶτοιι.
1923 1903 2088 1958 Scan.
2114 1930 2186 1940 ——·
2210 1899 2301 1949 Ad
2321 1900 2572 1961 Quorege-

1549 2001 1706 2038 tarum
1728 1996 1976 2054 corrupte
2003 1983 2138 2032 Ven.
2165 1978 2310 2030 unde
2341 1972 2572 2025 Pithoeus

1549 2065 1676 2119 fecit
1699 2071 1865 2132 Aeque
1893 2069 2150 2115 Oretarum
2168 2096 2185 2119 ,
2223 2069 2454 2123 eumque
2489 2067 2571 2102 se·

1548 2156 1747 2217 quutus
1770 2142 1940 2196 Hnds.
1964 2139 2057 2193 sed
2081 2139 2243 2208 Cusp.
2263 2145 2318 2188 et
2343 2129 2574 2183 Vadian.

1548 2223 1826 2278 emendate
1851 2235 1904 2276 et
1929 2233 2074 2275 recte
2091 2225 2258 2286 Aeque
2269 2219 2569 2268 Tor-etatum,

1545 2303 1816 2377 quomodo
1843 2315 1893 2356 et
1927 2299 2072 2375 apud
2106 2298 2323 2370 Dionys.
2349 2293 2450 2345 682
2467 2329 2483 2356 ,
2520 2299 2574 2341 et

1543 2386 1702 2439 Prisc.
1731 2387 1836 2450 664
1860 2382 2141 2456 legendum
2169 2390 2268 2431 est.
2307 2371 2448 2425 Vide
2485 2369 2563 2421 ibi

1543 2478 1726 2519 notata
1751 2477 1947 2517 nostra.
1981 2462 2108 2515 Post
2142 2462 2356 2524 indeque
2389 2452 2568 2503 Achoee'

1545 2546 1812 2617 distinguo
1828 2582 1845 2606 ‚
1877 2555 1936 2595 ut
1959 2542 2028 2596 ab
2045 2542 2109 2594 iis
2129 2543 2366 2612 sejuncta
2392 2534 2458 2585 sit
2487 2548 2565 2583 se·

1544 2626 1816 2699 quentium
1842 2640 2092 2675 versuum
2115 2616 2454 2673 constructio.

1621 2706 1741 2773 869.
1763 2708 1904 2754 Inter
1922 2704 2232 2769 camier-epus
2251 2712 2299 2749 et
2315 2712 2572 2764 scruposas

1550 2788 1818 2837 convalles.
1858 2782 1940 2834 Ita
1980 2798 2048 2834 ex
2067 2776 2455 2833 ‘emendatione
2507 2772 2572 2825 cl.

1549 2862 1791 2918 Salmasii
1815 2862 1868 2914 in
1892 2859 2134 2913 Exci-citt.
2159 2854 2432 2917 Plinianis‚
2457 2870 2575 2926 pag.

1552 2946 1671 3012 890.
1713 2943 1882 2996 Hune.
1917 2974 1988 2983 —-
2025 2941 2138 3012 Ego
2187 2954 2400 3009 quoque
2443 2933 2574 2987 reci-

1551 3025 1701 3095 piam
1729 3040 1968 3087 versum,
2002 3020 2080 3073 uti
2115 3039 2146 3072 a
2189 3014 2447 3071 salmasio
2489 3032 2574 3065 re·

1551 3102 1707 3155 fictus
1737 3114 1847 3165 est,
1870 3114 2028 3173 atque
2061 3100 2132 3152 ita
2159 3096 2424 3150 Avienum
2448 3090 2576 3144 scri-

1553 3182 1746 3253 psisse,
1771 3180 1978 3233 dudum
2005 3180 2062 3231 in
2085 3176 2233 3251 pref.
2257 3172 2324 3226 ad
2351 3167 2574 3223 Emend.

1551 3282 1604 3335 p.
1627 3262 1716 3333 57,
1754 3262 2022 3333 professus
2051 3276 2186 3312 sum.
2228 3252 2578 3309 Consentiunt

1554 3360 1676 3395 cum
1700 3340 1954 3394 salmasio
1983 3340 2038 3390 in
2065 3331 2398 3389 emendando
2415 3332 2578 3384 versi-

1555 3422 1678 3475 culo
1704 3422 1859 3471 Voss.
1890 3417 1960 3471 ad
1986 3415 2125 3489 Scyl.
2153 3432 2276 3485 pag.
2313 3418 2377 3475 4²
2399 3450 2416 3477 ,
2462 3410 2575 3464 sive

1556 3504 1626 3570 76
1642 3541 1658 3565 ,
1686 3512 1736 3552 et
1759 3498 1940 3550 Heius.
1958 3494 2028 3548 ad
2045 3495 2163 3547 val.
2182 3493 2430 3545 Flaccum
2446 3532 2461 3556 ,
2485 3491 2539 3542 11
2559 3530 2575 3555 ‚

1557 3578 1690 3642 518,
1713 3597 1849 3650 quos
1877 3576 2040 3629 miror
2071 3575 2400 3628 inventorem
2428 3569 2577 3623 dissi·

1555 3658 1786 3711 mulasse
1795 3654 2125 3709 salmasium.
2141 3650 2262 3722 (Sed
2283 3651 2340 3704 hi
2359 3652 2580 3704 fortasse

1555 3755 1664 3790 non
1684 3736 1940 3792 Salmasio
1966 3734 2230 3788 debebant
2244 3770 2260 3795 ,
2283 3730 2374 3785 scd
2393 3730 2579 3803 primis

1558 3816 1700 3870 editt.
1723 3830 1812 3869 aut
1830 3814 2094 3880 vediano,
2111 3830 2268 3885 quem
2290 3824 2431 3865 certe
2446 3812 2578 3863 Vos·

1557 3896 1663 3949 sius
1688 3895 1872 3948 habuit
1888 3908 1942 3947 et
1958 3893 2195 3967 inspexit.
2217 3892 2388 3944 Nemo
2401 3903 2576 3943 tamen

1557 3993 1676 4028 eum
1704 3974 2090 4043 nominat.W.)
2114 3973 2218 4025 Tot
2245 3970 2576 4024 eruditorum

1559 4058 1874 4128 conjecture
1895 4054 2004 4107 fere
2020 4051 2338 4125 persuadent
2357 4088 2372 4113 ,
2393 4066 2576 4101 verum

1559 4152 1670 4187 esse
1695 4136 2028 4203 Cauricrepas.
2047 4133 2101 4185 Si
2116 4144 2291 4184 tamen
2311 4128 2579 4190 adtendas,
