<?xml version="1.0" encoding="UTF-8"?>
<!DOCTYPE html PUBLIC "-//W3C//DTD XHTML 1.0 Transitional//EN"
    "http://www.w3.org/TR/xhtml1/DTD/xhtml1-transitional.dtd">
<html xmlns="http://www.w3.org/1999/xhtml" xml:lang="en" lang="en">
 <head>
  <title>
</title>
<meta http-equiv="Content-Type" content="text/html;charset=utf-8" />
  <meta name='ocr-system' content='tesseract 3.04.00' />
  <meta name='ocr-capabilities' content='ocr_page ocr_carea ocr_par ocr_line ocrx_word'/>
</head>
<body>
  <div class='ocr_page' id='page_1' title='image "./poetaelatinimin01unkngoog_0086.png"; bbox 0 0 2996 4685; ppageno 0'>
   <div class='ocr_carea' id='block_1_1' title="bbox 843 355 2429 455">
    <p class='ocr_par' dir='ltr' id='par_1_1' title="bbox 843 355 2429 455">
     <span class='ocr_line' id='line_1_1' title="bbox 843 355 2429 455; baseline -0.003 -29"><span class='ocrx_word' id='word_1_1' title='bbox 843 357 1440 428; x_wconf 77' lang='lat' dir='ltr'><strong>EDITIONES</strong></span> <span class='ocrx_word' id='word_1_2' title='bbox 1493 355 1895 426; x_wconf 80' lang='lat' dir='ltr'><strong>Av1EN1</strong></span> <span class='ocrx_word' id='word_1_3' title='bbox 2340 381 2429 455; x_wconf 89' lang='lat'><strong>77</strong></span> 
     </span>
    </p>
   </div>
   <div class='ocr_carea' id='block_1_2' title="bbox 367 485 2433 3956">
    <p class='ocr_par' dir='ltr' id='par_1_2' title="bbox 369 485 2433 2901">
     <span class='ocr_line' id='line_1_2' title="bbox 391 485 2433 576; baseline -0.001 -22"><span class='ocrx_word' id='word_1_4' title='bbox 391 491 473 554; x_wconf 91' lang='lat' dir='ltr'><strong>H.</strong></span> <span class='ocrx_word' id='word_1_5' title='bbox 500 490 948 567; x_wconf 59' lang='lat' dir='ltr'><strong>Fnesemanni,</strong></span> <span class='ocrx_word' id='word_1_6' title='bbox 963 509 1071 576; x_wconf 73' lang='lat' dir='ltr'><strong>qut</strong></span> <span class='ocrx_word' id='word_1_7' title='bbox 1062 486 1333 551; x_wconf 74' lang='lat' dir='ltr'><strong>ht‘cillz&#39;c</strong></span> <span class='ocrx_word' id='word_1_8' title='bbox 1342 485 1743 551; x_wconf 72' lang='lat' dir='ltr'><strong>suaaddzdit.</strong></span> <span class='ocrx_word' id='word_1_9' title='bbox 1758 485 2224 550; x_wconf 84' lang='lat' dir='ltr'><strong>Amstelodami</strong></span> <span class='ocrx_word' id='word_1_10' title='bbox 2227 489 2433 575; x_wconf 88' lang='lat' dir='ltr'><strong>‚apud</strong></span> 
     </span>
     <span class='ocr_line' id='line_1_3' title="bbox 385 590 2432 681; baseline -0 -22"><span class='ocrx_word' id='word_1_11' title='bbox 385 595 653 659; x_wconf 88' lang='lat' dir='ltr'><strong>Petrum</strong></span> <span class='ocrx_word' id='word_1_12' title='bbox 698 594 822 658; x_wconf 83' lang='lat' dir='ltr'><strong>den</strong></span> <span class='ocrx_word' id='word_1_13' title='bbox 863 593 1119 681; x_wconf 75' lang='lat' dir='ltr'><strong>Hengst.</strong></span> <span class='ocrx_word' id='word_1_14' title='bbox 1163 593 1362 680; x_wconf 81' lang='lat'><strong>1786,</strong></span> <span class='ocrx_word' id='word_1_15' title='bbox 1397 594 1496 656; x_wconf 90' lang='lat' dir='ltr'><strong>in·</strong></span> <span class='ocrx_word' id='word_1_16' title='bbox 1465 593 1561 658; x_wconf 85' lang='lat'><strong>-.8</strong></span> <span class='ocrx_word' id='word_1_17' title='bbox 1594 595 1769 656; x_wconf 87' lang='lat' dir='ltr'><strong>Bene</strong></span> <span class='ocrx_word' id='word_1_18' title='bbox 1800 592 2033 656; x_wconf 86' lang='lat' dir='ltr'><strong>mereri</strong></span> <span class='ocrx_word' id='word_1_19' title='bbox 2066 590 2297 657; x_wconf 88' lang='lat' dir='ltr'><strong>doctus</strong></span> <span class='ocrx_word' id='word_1_20' title='bbox 2323 594 2432 673; x_wconf 77' lang='lat' dir='ltr'><strong>ju-</strong></span> 
     </span>
     <span class='ocr_line' id='line_1_4' title="bbox 381 697 2431 786; baseline 0 -23"><span class='ocrx_word' id='word_1_21' title='bbox 381 701 570 764; x_wconf 76' lang='lat' dir='ltr'><strong>venis</strong></span> <span class='ocrx_word' id='word_1_22' title='bbox 612 699 692 763; x_wconf 91' lang='lat' dir='ltr'><strong>de</strong></span> <span class='ocrx_word' id='word_1_23' title='bbox 723 699 999 780; x_wconf 84' lang='lat' dir='ltr'><strong>Avieno,</strong></span> <span class='ocrx_word' id='word_1_24' title='bbox 1041 715 1172 762; x_wconf 79' lang='lat' dir='ltr'><strong>tam</strong></span> <span class='ocrx_word' id='word_1_25' title='bbox 1215 697 1330 762; x_wconf 92' lang='lat' dir='ltr'><strong>diu</strong></span> <span class='ocrx_word' id='word_1_26' title='bbox 1369 700 1699 786; x_wconf 84' lang='lat' dir='ltr'><strong>neglecto,</strong></span> <span class='ocrx_word' id='word_1_27' title='bbox 1738 713 1933 785; x_wconf 88' lang='lat' dir='ltr'><strong>atque</strong></span> <span class='ocrx_word' id='word_1_28' title='bbox 1974 697 2250 762; x_wconf 87' lang='lat' dir='ltr'><strong>excitare</strong></span> <span class='ocrx_word' id='word_1_29' title='bbox 2292 699 2431 780; x_wconf 86' lang='lat' dir='ltr'><strong>ejus</strong></span> 
     </span>
     <span class='ocr_line' id='line_1_5' title="bbox 381 802 2433 894; baseline 0.001 -24"><span class='ocrx_word' id='word_1_30' title='bbox 381 805 764 870; x_wconf 79' lang='lat' dir='ltr'><strong>memoriam</strong></span> <span class='ocrx_word' id='word_1_31' title='bbox 781 855 800 888; x_wconf 91' lang='lat'><strong>,</strong></span> <span class='ocrx_word' id='word_1_32' title='bbox 837 807 1020 894; x_wconf 82' lang='lat' dir='ltr'>quasi</span> <span class='ocrx_word' id='word_1_33' title='bbox 1071 806 1388 894; x_wconf 78' lang='lat' dir='ltr'><strong>sepultam</strong></span> <span class='ocrx_word' id='word_1_34' title='bbox 1408 854 1428 887; x_wconf 91' lang='lat'><strong>,</strong></span> <span class='ocrx_word' id='word_1_35' title='bbox 1460 822 1526 869; x_wconf 90' lang='lat' dir='ltr'><strong>et</strong></span> <span class='ocrx_word' id='word_1_36' title='bbox 1568 804 1911 869; x_wconf 85' lang='lat' dir='ltr'><strong>lectionem</strong></span> <span class='ocrx_word' id='word_1_37' title='bbox 1960 802 2263 884; x_wconf 81' lang='lat' dir='ltr'><strong>adjuvare</strong></span> <span class='ocrx_word' id='word_1_38' title='bbox 2306 825 2433 894; x_wconf 85' lang='lat' dir='ltr'><strong>pro</strong></span> 
     </span>
     <span class='ocr_line' id='line_1_6' title="bbox 377 910 2431 1001; baseline 0.001 -26"><span class='ocrx_word' id='word_1_39' title='bbox 377 910 549 975; x_wconf 80' lang='lat' dir='ltr'><strong>virili</strong></span> <span class='ocrx_word' id='word_1_40' title='bbox 598 927 869 976; x_wconf 88' lang='lat' dir='ltr'><strong>conatus</strong></span> <span class='ocrx_word' id='word_1_41' title='bbox 913 929 1011 978; x_wconf 81' lang='lat' dir='ltr'><strong>est</strong></span> <span class='ocrx_word' id='word_1_42' title='bbox 1025 960 1044 995; x_wconf 88' lang='lat'><strong>,</strong></span> <span class='ocrx_word' id='word_1_43' title='bbox 1076 910 1490 1001; x_wconf 80' lang='lat' dir='ltr'><strong>excerpendis</strong></span> <span class='ocrx_word' id='word_1_44' title='bbox 1535 927 1602 975; x_wconf 90' lang='lat' dir='ltr'><strong>et</strong></span> <span class='ocrx_word' id='word_1_45' title='bbox 1646 913 1715 974; x_wconf 91' lang='lat' dir='ltr'><strong>in</strong></span> <span class='ocrx_word' id='word_1_46' title='bbox 1762 933 1972 974; x_wconf 89' lang='lat' dir='ltr'><strong>unum</strong></span> <span class='ocrx_word' id='word_1_47' title='bbox 2016 910 2431 977; x_wconf 85' lang='lat' dir='ltr'><strong>conferendis</strong></span> 
     </span>
     <span class='ocr_line' id='line_1_7' title="bbox 377 1017 2427 1106; baseline 0 -24"><span class='ocrx_word' id='word_1_48' title='bbox 377 1017 938 1084; x_wconf 84' lang='lat' dir='ltr'><strong>observationibus</strong></span> <span class='ocrx_word' id='word_1_49' title='bbox 983 1017 1326 1085; x_wconf 83' lang='lat' dir='ltr'><strong>doctorum</strong></span> <span class='ocrx_word' id='word_1_50' title='bbox 1353 1019 1645 1082; x_wconf 78' lang='lat' dir='ltr'><strong>virorum</strong></span> <span class='ocrx_word' id='word_1_51' title='bbox 1661 1066 1679 1100; x_wconf 92' lang='lat'><strong>,</strong></span> <span class='ocrx_word' id='word_1_52' title='bbox 1708 1039 1852 1106; x_wconf 79' lang='lat' dir='ltr'><strong>quae</strong></span> <span class='ocrx_word' id='word_1_53' title='bbox 1894 1017 2129 1104; x_wconf 87' lang='lat' dir='ltr'><strong>partim</strong></span> <span class='ocrx_word' id='word_1_54' title='bbox 2168 1017 2239 1080; x_wconf 90' lang='lat' dir='ltr'><strong>in</strong></span> <span class='ocrx_word' id='word_1_55' title='bbox 2290 1017 2427 1083; x_wconf 87' lang='lat' dir='ltr'><strong>aliis</strong></span> 
     </span>
     <span class='ocr_line' id='line_1_8' title="bbox 376 1120 2426 1213; baseline 0 -27"><span class='ocrx_word' id='word_1_56' title='bbox 376 1122 558 1188; x_wconf 90' lang='lat' dir='ltr'><strong>libris</strong></span> <span class='ocrx_word' id='word_1_57' title='bbox 590 1141 918 1213; x_wconf 81' lang='lat' dir='ltr'><strong>prostant,</strong></span> <span class='ocrx_word' id='word_1_58' title='bbox 947 1125 1179 1213; x_wconf 90' lang='lat' dir='ltr'><strong>partim</strong></span> <span class='ocrx_word' id='word_1_59' title='bbox 1213 1125 1416 1189; x_wconf 87' lang='lat' dir='ltr'><strong>latent</strong></span> <span class='ocrx_word' id='word_1_60' title='bbox 1444 1122 1803 1188; x_wconf 83' lang='lat' dir='ltr'><strong>etiamnum</strong></span> <span class='ocrx_word' id='word_1_61' title='bbox 1837 1121 2115 1186; x_wconf 82' lang='lat' dir='ltr'><strong>ineditae.</strong></span> <span class='ocrx_word' id='word_1_62' title='bbox 2151 1120 2279 1188; x_wconf 88' lang='lat' dir='ltr'><strong>Sed</strong></span> <span class='ocrx_word' id='word_1_63' title='bbox 2298 1169 2317 1205; x_wconf 88' lang='lat'><strong>,</strong></span> <span class='ocrx_word' id='word_1_64' title='bbox 2350 1140 2426 1187; x_wconf 88' lang='lat' dir='ltr'><strong>ut</strong></span> 
     </span>
     <span class='ocr_line' id='line_1_9' title="bbox 378 1225 2419 1318; baseline 0 -27"><span class='ocrx_word' id='word_1_65' title='bbox 378 1227 674 1316; x_wconf 81' lang='lat' dir='ltr'><strong>quaedam</strong></span> <span class='ocrx_word' id='word_1_66' title='bbox 725 1227 1171 1318; x_wconf 81' lang='lat' dir='ltr'><strong>ephemerides</strong></span> <span class='ocrx_word' id='word_1_67' title='bbox 1235 1246 1300 1294; x_wconf 89' lang='lat' dir='ltr'><strong>et</strong></span> <span class='ocrx_word' id='word_1_68' title='bbox 1361 1228 1701 1294; x_wconf 80' lang='lat' dir='ltr'><strong>relationes</strong></span> <span class='ocrx_word' id='word_1_69' title='bbox 1739 1227 2032 1292; x_wconf 80' lang='lat' dir='ltr'><strong>literariae</strong></span> <span class='ocrx_word' id='word_1_70' title='bbox 2071 1225 2249 1314; x_wconf 89' lang='lat' dir='ltr'><strong>apud</strong></span> <span class='ocrx_word' id='word_1_71' title='bbox 2295 1249 2419 1292; x_wconf 86' lang='lat' dir='ltr'><strong>nos</strong></span> 
     </span>
     <span class='ocr_line' id='line_1_10' title="bbox 369 1331 2426 1424; baseline 0 -27"><span class='ocrx_word' id='word_1_72' title='bbox 369 1333 745 1413; x_wconf 82' lang='lat' dir='ltr'><strong>judicarunt</strong></span> <span class='ocrx_word' id='word_1_73' title='bbox 764 1383 782 1418; x_wconf 89' lang='lat'><strong>,</strong></span> <span class='ocrx_word' id='word_1_74' title='bbox 812 1332 1168 1424; x_wconf 88' lang='lat' dir='ltr'><strong>optandum</strong></span> <span class='ocrx_word' id='word_1_75' title='bbox 1202 1334 1358 1416; x_wconf 82' lang='lat' dir='ltr'><strong>fuit,</strong></span> <span class='ocrx_word' id='word_1_76' title='bbox 1378 1349 1455 1398; x_wconf 89' lang='lat' dir='ltr'><strong>ut</strong></span> <span class='ocrx_word' id='word_1_77' title='bbox 1481 1332 1894 1399; x_wconf 84' lang='lat' dir='ltr'><strong>doctissimus</strong></span> <span class='ocrx_word' id='word_1_78' title='bbox 1922 1331 2134 1396; x_wconf 84' lang='lat' dir='ltr'><strong>editor</strong></span> <span class='ocrx_word' id='word_1_79' title='bbox 2154 1331 2426 1422; x_wconf 85' lang='lat' dir='ltr'><strong>diligen-</strong></span> 
     </span>
     <span class='ocr_line' id='line_1_11' title="bbox 376 1436 2421 1528; baseline 0 -25"><span class='ocrx_word' id='word_1_80' title='bbox 376 1439 608 1503; x_wconf 88' lang='lat' dir='ltr'><strong>tiorem</strong></span> <span class='ocrx_word' id='word_1_81' title='bbox 645 1463 864 1504; x_wconf 90' lang='lat' dir='ltr'><strong>curam</strong></span> <span class='ocrx_word' id='word_1_82' title='bbox 905 1439 1178 1504; x_wconf 87' lang='lat' dir='ltr'><strong>editioni</strong></span> <span class='ocrx_word' id='word_1_83' title='bbox 1208 1437 1630 1520; x_wconf 73' lang='lat' dir='ltr'><strong>adornandae,</strong></span> <span class='ocrx_word' id='word_1_84' title='bbox 1664 1454 1731 1502; x_wconf 91' lang='lat' dir='ltr'><strong>et</strong></span> <span class='ocrx_word' id='word_1_85' title='bbox 1766 1436 2205 1504; x_wconf 82' lang='lat' dir='ltr'><strong>exscribendis</strong></span> <span class='ocrx_word' id='word_1_86' title='bbox 2239 1438 2421 1528; x_wconf 86' lang='lat' dir='ltr'><strong>dige-</strong></span> 
     </span>
     <span class='ocr_line' id='line_1_12' title="bbox 373 1545 2428 1635; baseline 0 -25"><span class='ocrx_word' id='word_1_87' title='bbox 373 1545 723 1635; x_wconf 85' lang='lat' dir='ltr'><strong>rendisque</strong></span> <span class='ocrx_word' id='word_1_88' title='bbox 753 1547 1284 1613; x_wconf 81' lang='lat' dir='ltr'><strong>adnotationibus</strong></span> <span class='ocrx_word' id='word_1_89' title='bbox 1311 1546 1733 1612; x_wconf 81' lang='lat' dir='ltr'><strong>adhibuisset.</strong></span> <span class='ocrx_word' id='word_1_90' title='bbox 1758 1545 2039 1611; x_wconf 85' lang='lat' dir='ltr'><strong>Textum</strong></span> <span class='ocrx_word' id='word_1_91' title='bbox 2068 1568 2147 1610; x_wconf 83' lang='lat' dir='ltr'><strong>ex</strong></span> <span class='ocrx_word' id='word_1_92' title='bbox 2172 1545 2428 1613; x_wconf 83' lang='lat' dir='ltr'><strong>Hudso·</strong></span> 
     </span>
     <span class='ocr_line' id='line_1_13' title="bbox 377 1650 2423 1739; baseline 0.001 -25"><span class='ocrx_word' id='word_1_93' title='bbox 377 1650 568 1731; x_wconf 77' lang='lat' dir='ltr'><strong>niana</strong></span> <span class='ocrx_word' id='word_1_94' title='bbox 611 1651 895 1716; x_wconf 87' lang='lat' dir='ltr'><strong>editione</strong></span> <span class='ocrx_word' id='word_1_95' title='bbox 939 1675 1077 1716; x_wconf 87' lang='lat' dir='ltr'><strong>non</strong></span> <span class='ocrx_word' id='word_1_96' title='bbox 1120 1651 1476 1716; x_wconf 83' lang='lat' dir='ltr'><strong>admodum</strong></span> <span class='ocrx_word' id='word_1_97' title='bbox 1509 1665 1807 1738; x_wconf 85' lang='lat' dir='ltr'><strong>accurate</strong></span> <span class='ocrx_word' id='word_1_98' title='bbox 1838 1650 2203 1739; x_wconf 78' lang='lat' dir='ltr'><strong>exscripsit,</strong></span> <span class='ocrx_word' id='word_1_99' title='bbox 2232 1651 2423 1739; x_wconf 89' lang='lat' dir='ltr'><strong>eique</strong></span> 
     </span>
     <span class='ocr_line' id='line_1_14' title="bbox 370 1755 2422 1838; baseline -0.001 -17"><span class='ocrx_word' id='word_1_100' title='bbox 370 1757 578 1821; x_wconf 78' lang='lat' dir='ltr'><strong>varias</strong></span> <span class='ocrx_word' id='word_1_101' title='bbox 604 1758 748 1822; x_wconf 88' lang='lat' dir='ltr'><strong>lect.</strong></span> <span class='ocrx_word' id='word_1_102' title='bbox 776 1774 843 1822; x_wconf 91' lang='lat' dir='ltr'><strong>et</strong></span> <span class='ocrx_word' id='word_1_103' title='bbox 873 1763 1276 1838; x_wconf 86' lang='lat' dir='ltr'><strong>conjecturas</strong></span> <span class='ocrx_word' id='word_1_104' title='bbox 1305 1756 1385 1821; x_wconf 87' lang='lat' dir='ltr'><strong>ab</strong></span> <span class='ocrx_word' id='word_1_105' title='bbox 1427 1756 1747 1823; x_wconf 86' lang='lat' dir='ltr'><strong>Hudsono</strong></span> <span class='ocrx_word' id='word_1_106' title='bbox 1784 1756 2084 1820; x_wconf 87' lang='lat' dir='ltr'><strong>collectas</strong></span> <span class='ocrx_word' id='word_1_107' title='bbox 2116 1755 2422 1838; x_wconf 82' lang='lat' dir='ltr'><strong>subjecit,</strong></span> 
     </span>
     <span class='ocr_line' id='line_1_15' title="bbox 373 1860 2419 1947; baseline 0.001 -25"><span class='ocrx_word' id='word_1_108' title='bbox 373 1861 682 1927; x_wconf 84' lang='lat' dir='ltr'><strong>immixtis</strong></span> <span class='ocrx_word' id='word_1_109' title='bbox 699 1861 978 1926; x_wconf 80' lang='lat' dir='ltr'><strong>subinde</strong></span> <span class='ocrx_word' id='word_1_110' title='bbox 1000 1861 1340 1926; x_wconf 86' lang='lat' dir='ltr'><strong>Schraderi</strong></span> <span class='ocrx_word' id='word_1_111' title='bbox 1360 1860 1617 1924; x_wconf 87' lang='lat' dir='ltr'><strong>ineditis</strong></span> <span class='ocrx_word' id='word_1_112' title='bbox 1633 1909 1653 1943; x_wconf 85' lang='lat'>‚</span> <span class='ocrx_word' id='word_1_113' title='bbox 1672 1881 1949 1947; x_wconf 88' lang='lat' dir='ltr'><strong>quarum</strong></span> <span class='ocrx_word' id='word_1_114' title='bbox 1969 1861 2185 1947; x_wconf 86' lang='lat' dir='ltr'><strong>plures</strong></span> <span class='ocrx_word' id='word_1_115' title='bbox 2202 1876 2419 1925; x_wconf 80' lang='lat' dir='ltr'><strong>tamen</strong></span> 
     </span>
     <span class='ocr_line' id='line_1_16' title="bbox 373 1962 2419 2048; baseline 0 -20"><span class='ocrx_word' id='word_1_116' title='bbox 373 1988 506 2028; x_wconf 90' lang='lat' dir='ltr'><strong>non</strong></span> <span class='ocrx_word' id='word_1_117' title='bbox 533 1965 872 2030; x_wconf 88' lang='lat' dir='ltr'><strong>Schraderi</strong></span> <span class='ocrx_word' id='word_1_118' title='bbox 891 2014 908 2048; x_wconf 88' lang='lat'><strong>,</strong></span> <span class='ocrx_word' id='word_1_119' title='bbox 931 1964 1046 2031; x_wconf 87' lang='lat' dir='ltr'><strong>sed</strong></span> <span class='ocrx_word' id='word_1_120' title='bbox 1071 1965 1318 2029; x_wconf 89' lang='lat' dir='ltr'><strong>Heinsii</strong></span> <span class='ocrx_word' id='word_1_121' title='bbox 1344 1964 1732 2044; x_wconf 83' lang='lat' dir='ltr'><strong>aliorumve,</strong></span> <span class='ocrx_word' id='word_1_122' title='bbox 1747 1962 2157 2028; x_wconf 86' lang='lat' dir='ltr'><strong>aSchradero</strong></span> <span class='ocrx_word' id='word_1_123' title='bbox 2183 1964 2419 2028; x_wconf 86' lang='lat' dir='ltr'><strong>alicubi</strong></span> 
     </span>
     <span class='ocr_line' id='line_1_17' title="bbox 379 2068 2421 2157; baseline 0 -23"><span class='ocrx_word' id='word_1_124' title='bbox 379 2069 736 2154; x_wconf 58' lang='lat' dir='ltr'><strong>adnotatae,</strong></span> <span class='ocrx_word' id='word_1_125' title='bbox 768 2086 944 2136; x_wconf 85' lang='lat' dir='ltr'><strong>sunt.</strong></span> <span class='ocrx_word' id='word_1_126' title='bbox 981 2071 1332 2135; x_wconf 90' lang='lat' dir='ltr'><strong>Uberiores</strong></span> <span class='ocrx_word' id='word_1_127' title='bbox 1364 2069 1779 2157; x_wconf 85' lang='lat' dir='ltr'><strong>meliorisque</strong></span> <span class='ocrx_word' id='word_1_128' title='bbox 1814 2083 1985 2132; x_wconf 80' lang='lat' dir='ltr'><strong>notae</strong></span> <span class='ocrx_word' id='word_1_129' title='bbox 2019 2068 2421 2134; x_wconf 86' lang='lat' dir='ltr'><strong>animadver-</strong></span> 
     </span>
     <span class='ocr_line' id='line_1_18' title="bbox 371 2174 2415 2262; baseline 0 -24"><span class='ocrx_word' id='word_1_130' title='bbox 371 2176 583 2241; x_wconf 87' lang='lat' dir='ltr'><strong>siones</strong></span> <span class='ocrx_word' id='word_1_131' title='bbox 615 2174 980 2258; x_wconf 74' lang='lat' dir='ltr'><strong>Schrader-i,</strong></span> <span class='ocrx_word' id='word_1_132' title='bbox 1008 2197 1282 2262; x_wconf 67' lang='lat' dir='ltr'><strong>quaeque</strong></span> <span class='ocrx_word' id='word_1_133' title='bbox 1313 2197 1464 2240; x_wconf 92' lang='lat' dir='ltr'><strong>cum</strong></span> <span class='ocrx_word' id='word_1_134' title='bbox 1501 2174 1737 2238; x_wconf 88' lang='lat' dir='ltr'><strong>nostris</strong></span> <span class='ocrx_word' id='word_1_135' title='bbox 1757 2220 1776 2254; x_wconf 88' lang='lat'><strong>,</strong></span> <span class='ocrx_word' id='word_1_136' title='bbox 1805 2195 1881 2237; x_wconf 86' lang='lat' dir='ltr'><strong>ex</strong></span> <span class='ocrx_word' id='word_1_137' title='bbox 1914 2175 2194 2238; x_wconf 87' lang='lat' dir='ltr'><strong>auctoris</strong></span> <span class='ocrx_word' id='word_1_138' title='bbox 2226 2191 2415 2238; x_wconf 90' lang='lat' dir='ltr'><strong>auto-</strong></span> 
     </span>
     <span class='ocr_line' id='line_1_19' title="bbox 371 2277 2418 2373; baseline 0 -26"><span class='ocrx_word' id='word_1_139' title='bbox 371 2283 617 2373; x_wconf 85' lang='lat' dir='ltr'><strong>grapho</strong></span> <span class='ocrx_word' id='word_1_140' title='bbox 665 2283 984 2373; x_wconf 85' lang='lat' dir='ltr'><strong>repetitis,</strong></span> <span class='ocrx_word' id='word_1_141' title='bbox 1012 2280 1181 2346; x_wconf 88' lang='lat' dir='ltr'><strong>bene</strong></span> <span class='ocrx_word' id='word_1_142' title='bbox 1227 2277 1661 2363; x_wconf 63' lang='lat' dir='ltr'><strong>conreniunt,</strong></span> <span class='ocrx_word' id='word_1_143' title='bbox 1693 2301 1826 2345; x_wconf 85' lang='lat' dir='ltr'><strong>una</strong></span> <span class='ocrx_word' id='word_1_144' title='bbox 1860 2302 2013 2345; x_wconf 87' lang='lat' dir='ltr'><strong>cum</strong></span> <span class='ocrx_word' id='word_1_145' title='bbox 2053 2281 2191 2347; x_wconf 89' lang='lat' dir='ltr'><strong>aliis</strong></span> <span class='ocrx_word' id='word_1_146' title='bbox 2236 2303 2418 2370; x_wconf 88' lang='lat' dir='ltr'><strong>pere-</strong></span> 
     </span>
     <span class='ocr_line' id='line_1_20' title="bbox 373 2385 2410 2478; baseline 0.001 -27"><span class='ocrx_word' id='word_1_147' title='bbox 373 2388 604 2478; x_wconf 85' lang='lat' dir='ltr'><strong>gregiis</strong></span> <span class='ocrx_word' id='word_1_148' title='bbox 656 2388 833 2453; x_wconf 89' lang='lat' dir='ltr'><strong>Petri</strong></span> <span class='ocrx_word' id='word_1_149' title='bbox 898 2387 1264 2469; x_wconf 85' lang='lat' dir='ltr'><strong>Fonteinii‚</strong></span> <span class='ocrx_word' id='word_1_150' title='bbox 1312 2385 1675 2476; x_wconf 76' lang='lat' dir='ltr'><strong>praefationi</strong></span> <span class='ocrx_word' id='word_1_151' title='bbox 1750 2404 1885 2449; x_wconf 82' lang='lat' dir='ltr'><strong>suae</strong></span> <span class='ocrx_word' id='word_1_152' title='bbox 1948 2386 2239 2452; x_wconf 88' lang='lat' dir='ltr'><strong>inseruit.</strong></span> <span class='ocrx_word' id='word_1_153' title='bbox 2310 2388 2410 2453; x_wconf 89' lang='lat' dir='ltr'><strong>Ad</strong></span> 
     </span>
     <span class='ocr_line' id='line_1_21' title="bbox 371 2490 2413 2582; baseline -0.001 -23"><span class='ocrx_word' id='word_1_154' title='bbox 371 2496 608 2559; x_wconf 86' lang='lat' dir='ltr'><strong>calcem</strong></span> <span class='ocrx_word' id='word_1_155' title='bbox 656 2495 972 2582; x_wconf 88' lang='lat' dir='ltr'><strong>poematis</strong></span> <span class='ocrx_word' id='word_1_156' title='bbox 1015 2490 1242 2559; x_wconf 80' lang='lat' dir='ltr'><strong>Avieni</strong></span> <span class='ocrx_word' id='word_1_157' title='bbox 1282 2492 1708 2581; x_wconf 86' lang='lat' dir='ltr'><strong>adponuntur</strong></span> <span class='ocrx_word' id='word_1_158' title='bbox 1746 2493 1949 2580; x_wconf 89' lang='lat' dir='ltr'><strong>capita</strong></span> <span class='ocrx_word' id='word_1_159' title='bbox 1988 2492 2304 2556; x_wconf 84' lang='lat' dir='ltr'><strong>nonnulla</strong></span> <span class='ocrx_word' id='word_1_160' title='bbox 2339 2515 2413 2557; x_wconf 80' lang='lat' dir='ltr'><strong>ex</strong></span> 
     </span>
     <span class='ocr_line' id='line_1_22' title="bbox 374 2596 2413 2678; baseline 0 -15"><span class='ocrx_word' id='word_1_161' title='bbox 374 2601 618 2665; x_wconf 85' lang='lat' dir='ltr'><strong>Heinsii</strong></span> <span class='ocrx_word' id='word_1_162' title='bbox 663 2617 729 2665; x_wconf 89' lang='lat' dir='ltr'><strong>et</strong></span> <span class='ocrx_word' id='word_1_163' title='bbox 765 2600 1008 2665; x_wconf 86' lang='lat' dir='ltr'><strong>Barthii</strong></span> <span class='ocrx_word' id='word_1_164' title='bbox 1040 2599 1476 2678; x_wconf 81' lang='lat' dir='ltr'><strong>Adversariis‚</strong></span> <span class='ocrx_word' id='word_1_165' title='bbox 1500 2620 1536 2661; x_wconf 92' lang='lat' dir='ltr'><strong>e</strong></span> <span class='ocrx_word' id='word_1_166' title='bbox 1568 2596 1855 2661; x_wconf 87' lang='lat' dir='ltr'><strong>Salmasii</strong></span> <span class='ocrx_word' id='word_1_167' title='bbox 1908 2597 2201 2661; x_wconf 84' lang='lat' dir='ltr'><strong>Exercitt.</strong></span> <span class='ocrx_word' id='word_1_168' title='bbox 2240 2598 2413 2664; x_wconf 81' lang='lat' dir='ltr'><strong>Plin.</strong></span> 
     </span>
     <span class='ocr_line' id='line_1_23' title="bbox 371 2702 2419 2792; baseline -0.001 -21"><span class='ocrx_word' id='word_1_169' title='bbox 371 2722 436 2771; x_wconf 90' lang='lat' dir='ltr'><strong>et</strong></span> <span class='ocrx_word' id='word_1_170' title='bbox 478 2730 550 2771; x_wconf 85' lang='lat' dir='ltr'><strong>ex</strong></span> <span class='ocrx_word' id='word_1_171' title='bbox 605 2708 772 2771; x_wconf 84' lang='lat' dir='ltr'><strong>libro</strong></span> <span class='ocrx_word' id='word_1_172' title='bbox 822 2708 1156 2771; x_wconf 85' lang='lat' dir='ltr'><strong>Observat.</strong></span> <span class='ocrx_word' id='word_1_173' title='bbox 1209 2706 1474 2770; x_wconf 88' lang='lat' dir='ltr'><strong>Miscell.</strong></span> <span class='ocrx_word' id='word_1_174' title='bbox 1524 2702 1870 2792; x_wconf 87' lang='lat' dir='ltr'><strong>descripta,</strong></span> <span class='ocrx_word' id='word_1_175' title='bbox 1904 2703 2141 2790; x_wconf 82' lang='lat' dir='ltr'><strong>quibus</strong></span> <span class='ocrx_word' id='word_1_176' title='bbox 2188 2703 2419 2771; x_wconf 78' lang='lat' dir='ltr'><strong>Avieni</strong></span> 
     </span>
     <span class='ocr_line' id='line_1_24' title="bbox 371 2811 1857 2901; baseline -0.003 -24"><span class='ocrx_word' id='word_1_177' title='bbox 371 2813 618 2900; x_wconf 85' lang='lat' dir='ltr'><strong>aliquot</strong></span> <span class='ocrx_word' id='word_1_178' title='bbox 653 2814 792 2877; x_wconf 89' lang='lat' dir='ltr'><strong>loca</strong></span> <span class='ocrx_word' id='word_1_179' title='bbox 821 2812 1262 2901; x_wconf 85' lang='lat' dir='ltr'><strong>corriguntur,</strong></span> <span class='ocrx_word' id='word_1_180' title='bbox 1291 2828 1404 2875; x_wconf 89' lang='lat' dir='ltr'><strong>aut</strong></span> <span class='ocrx_word' id='word_1_181' title='bbox 1434 2811 1857 2898; x_wconf 78' lang='lat' dir='ltr'><strong>explicantur.</strong></span> 
     </span>
    </p>

    <p class='ocr_par' dir='ltr' id='par_1_3' title="bbox 367 2913 2421 3956">
     <span class='ocr_line' id='line_1_25' title="bbox 455 2913 2413 3004; baseline -0.001 -21"><span class='ocrx_word' id='word_1_182' title='bbox 455 2920 710 2983; x_wconf 83' lang='lat' dir='ltr'><strong>Novam</strong></span> <span class='ocrx_word' id='word_1_183' title='bbox 763 2918 1116 2983; x_wconf 87' lang='lat' dir='ltr'><strong>editionem</strong></span> <span class='ocrx_word' id='word_1_184' title='bbox 1160 2917 1524 2983; x_wconf 87' lang='lat' dir='ltr'><strong>carminum</strong></span> <span class='ocrx_word' id='word_1_185' title='bbox 1574 2913 2187 3004; x_wconf 82' lang='lat' dir='ltr'><strong>geographicorum,</strong></span> <span class='ocrx_word' id='word_1_186' title='bbox 2221 2916 2413 2981; x_wconf 78' lang='lat' dir='ltr'><strong>Avie-</strong></span> 
     </span>
     <span class='ocr_line' id='line_1_26' title="bbox 374 3018 2415 3111; baseline -0.001 -23"><span class='ocrx_word' id='word_1_187' title='bbox 374 3025 435 3087; x_wconf 86' lang='lat' dir='ltr'><strong>ni</strong></span> <span class='ocrx_word' id='word_1_188' title='bbox 496 3025 676 3105; x_wconf 86' lang='lat' dir='ltr'><strong>juxta</strong></span> <span class='ocrx_word' id='word_1_189' title='bbox 736 3040 932 3111; x_wconf 88' lang='lat' dir='ltr'><strong>atque</strong></span> <span class='ocrx_word' id='word_1_190' title='bbox 985 3023 1258 3087; x_wconf 90' lang='lat' dir='ltr'><strong>aliorum</strong></span> <span class='ocrx_word' id='word_1_191' title='bbox 1279 3070 1298 3101; x_wconf 90' lang='lat'><strong>,</strong></span> <span class='ocrx_word' id='word_1_192' title='bbox 1349 3043 1561 3109; x_wconf 88' lang='lat' dir='ltr'><strong>nuper</strong></span> <span class='ocrx_word' id='word_1_193' title='bbox 1612 3018 1909 3107; x_wconf 86' lang='lat' dir='ltr'><strong>promisit</strong></span> <span class='ocrx_word' id='word_1_194' title='bbox 1969 3018 2041 3083; x_wconf 87' lang='lat' dir='ltr'><strong>L.</strong></span> <span class='ocrx_word' id='word_1_195' title='bbox 2114 3021 2275 3083; x_wconf 87' lang='lat' dir='ltr'><strong>Baro</strong></span> <span class='ocrx_word' id='word_1_196' title='bbox 2332 3022 2415 3085; x_wconf 80' lang='lat' dir='ltr'><strong>de</strong></span> 
     </span>
     <span class='ocr_line' id='line_1_27' title="bbox 372 3123 2421 3217; baseline -0.003 -24"><span class='ocrx_word' id='word_1_197' title='bbox 372 3128 820 3194; x_wconf 77' lang='lat' dir='ltr'><strong>Sainte-Croix</strong></span> <span class='ocrx_word' id='word_1_198' title='bbox 832 3130 900 3191; x_wconf 90' lang='lat' dir='ltr'><strong>in</strong></span> <span class='ocrx_word' id='word_1_199' title='bbox 915 3125 1455 3217; x_wconf 86' lang='lat' dir='ltr'><strong>Ephemeridibus</strong></span> <span class='ocrx_word' id='word_1_200' title='bbox 1472 3123 1881 3189; x_wconf 90' lang='lat' dir='ltr'><strong>eruditorum</strong></span> <span class='ocrx_word' id='word_1_201' title='bbox 1898 3124 2095 3189; x_wconf 85' lang='lat' dir='ltr'><strong>Paris.</strong></span> <span class='ocrx_word' id='word_1_202' title='bbox 2113 3126 2421 3208; x_wconf 76' lang='lat' dir='ltr'><strong>(Journal</strong></span> 
     </span>
     <span class='ocr_line' id='line_1_28' title="bbox 371 3229 2409 3323; baseline -0.003 -25"><span class='ocrx_word' id='word_1_203' title='bbox 371 3234 474 3298; x_wconf 78' lang='lat' dir='ltr'><strong>des</strong></span> <span class='ocrx_word' id='word_1_204' title='bbox 508 3236 812 3319; x_wconf 75' lang='lat' dir='ltr'><strong>Savants)</strong></span> <span class='ocrx_word' id='word_1_205' title='bbox 840 3256 1044 3298; x_wconf 87' lang='lat' dir='ltr'><strong>mens.</strong></span> <span class='ocrx_word' id='word_1_206' title='bbox 1073 3234 1269 3323; x_wconf 81' lang='lat' dir='ltr'><strong>April.</strong></span> <span class='ocrx_word' id='word_1_207' title='bbox 1299 3256 1363 3321; x_wconf 90' lang='lat' dir='ltr'><strong>p.</strong></span> <span class='ocrx_word' id='word_1_208' title='bbox 1395 3254 1547 3319; x_wconf 83' lang='lat'><strong>217,</strong></span> <span class='ocrx_word' id='word_1_209' title='bbox 1579 3230 1693 3294; x_wconf 84' lang='lat' dir='ltr'><strong>ubi</strong></span> <span class='ocrx_word' id='word_1_210' title='bbox 1726 3229 2035 3318; x_wconf 84' lang='lat' dir='ltr'><strong>singulari</strong></span> <span class='ocrx_word' id='word_1_211' title='bbox 2070 3251 2409 3317; x_wconf 79' lang='lat' dir='ltr'><strong>program-</strong></span> 
     </span>
     <span class='ocr_line' id='line_1_29' title="bbox 373 3334 2414 3423; baseline -0.002 -20"><span class='ocrx_word' id='word_1_212' title='bbox 373 3356 538 3403; x_wconf 88' lang='lat' dir='ltr'><strong>mate</strong></span> <span class='ocrx_word' id='word_1_213' title='bbox 564 3337 882 3403; x_wconf 85' lang='lat' dir='ltr'><strong>edendam</strong></span> <span class='ocrx_word' id='word_1_214' title='bbox 901 3339 981 3403; x_wconf 89' lang='lat' dir='ltr'><strong>ab</strong></span> <span class='ocrx_word' id='word_1_215' title='bbox 1001 3362 1069 3404; x_wconf 88' lang='lat' dir='ltr'><strong>se</strong></span> <span class='ocrx_word' id='word_1_216' title='bbox 1088 3338 1538 3403; x_wconf 85' lang='lat' dir='ltr'><strong>collectionem</strong></span> <span class='ocrx_word' id='word_1_217' title='bbox 1562 3334 2082 3423; x_wconf 75' lang='lat' dir='ltr'><strong>Geographorum</strong></span> <span class='ocrx_word' id='word_1_218' title='bbox 2100 3336 2414 3399; x_wconf 76' lang='lat' dir='ltr'><strong>minorum</strong></span> 
     </span>
     <span class='ocr_line' id='line_1_30' title="bbox 369 3440 2408 3535; baseline -0.002 -26"><span class='ocrx_word' id='word_1_219' title='bbox 369 3450 565 3535; x_wconf 80' lang='lat' dir='ltr'><strong>antiq.</strong></span> <span class='ocrx_word' id='word_1_220' title='bbox 591 3444 968 3525; x_wconf 87' lang='lat' dir='ltr'><strong>adnuntiat,</strong></span> <span class='ocrx_word' id='word_1_221' title='bbox 994 3466 1138 3533; x_wconf 79' lang='lat' dir='ltr'><strong>quae</strong></span> <span class='ocrx_word' id='word_1_222' title='bbox 1163 3444 1551 3532; x_wconf 85' lang='lat' dir='ltr'><strong>locupletior</strong></span> <span class='ocrx_word' id='word_1_223' title='bbox 1578 3440 2002 3504; x_wconf 85' lang='lat' dir='ltr'><strong>Hudsoniana</strong></span> <span class='ocrx_word' id='word_1_224' title='bbox 2032 3440 2251 3503; x_wconf 82' lang='lat' dir='ltr'><strong>futura</strong></span> <span class='ocrx_word' id='word_1_225' title='bbox 2278 3456 2408 3526; x_wconf 86' lang='lat' dir='ltr'><strong>est,</strong></span> 
     </span>
     <span class='ocr_line' id='line_1_31' title="bbox 371 3545 2411 3639; baseline -0.002 -22"><span class='ocrx_word' id='word_1_226' title='bbox 371 3569 433 3618; x_wconf 90' lang='lat' dir='ltr'><strong>et</strong></span> <span class='ocrx_word' id='word_1_227' title='bbox 462 3551 822 3618; x_wconf 88' lang='lat' dir='ltr'><strong>secundum</strong></span> <span class='ocrx_word' id='word_1_228' title='bbox 856 3549 1154 3616; x_wconf 87' lang='lat' dir='ltr'><strong>ordinem</strong></span> <span class='ocrx_word' id='word_1_229' title='bbox 1187 3565 1560 3639; x_wconf 84' lang='lat' dir='ltr'><strong>temporum</strong></span> <span class='ocrx_word' id='word_1_230' title='bbox 1592 3545 1853 3612; x_wconf 81' lang='lat' dir='ltr'><strong>Groecos</strong></span> <span class='ocrx_word' id='word_1_231' title='bbox 1886 3545 2171 3633; x_wconf 89' lang='lat' dir='ltr'><strong>primum</strong></span> <span class='ocrx_word' id='word_1_232' title='bbox 2206 3548 2411 3613; x_wconf 89' lang='lat' dir='ltr'><strong>mino-</strong></span> 
     </span>
     <span class='ocr_line' id='line_1_32' title="bbox 369 3652 2407 3749; baseline -0.003 -24"><span class='ocrx_word' id='word_1_233' title='bbox 369 3682 467 3724; x_wconf 87' lang='lat' dir='ltr'><strong>res</strong></span> <span class='ocrx_word' id='word_1_234' title='bbox 491 3658 940 3749; x_wconf 74' lang='lat' dir='ltr'><strong>Geogmph05‚</strong></span> <span class='ocrx_word' id='word_1_235' title='bbox 957 3680 1109 3721; x_wconf 88' lang='lat' dir='ltr'><strong>mox</strong></span> <span class='ocrx_word' id='word_1_236' title='bbox 1129 3656 1391 3721; x_wconf 66' lang='lat' dir='ltr'><strong>latinos</strong></span> <span class='ocrx_word' id='word_1_237' title='bbox 1415 3654 1691 3733; x_wconf 78' lang='lat' dir='ltr'><strong>Melam,</strong></span> <span class='ocrx_word' id='word_1_238' title='bbox 1718 3652 2038 3734; x_wconf 72' lang='lat' dir='ltr'><strong>Solium,</strong></span> <span class='ocrx_word' id='word_1_239' title='bbox 2064 3654 2407 3738; x_wconf 78' lang='lat' dir='ltr'><strong>Avienum,</strong></span> 
     </span>
     <span class='ocr_line' id='line_1_33' title="bbox 367 3756 2406 3851; baseline -0.001 -24"><span class='ocrx_word' id='word_1_240' title='bbox 367 3766 687 3845; x_wconf 77' lang='lat' dir='ltr'><strong>Rutilium,</strong></span> <span class='ocrx_word' id='word_1_241' title='bbox 710 3765 866 3829; x_wconf 90' lang='lat' dir='ltr'><strong>alios</strong></span> <span class='ocrx_word' id='word_1_242' title='bbox 889 3762 1238 3827; x_wconf 84' lang='lat' dir='ltr'><strong>exhibebit.</strong></span> <span class='ocrx_word' id='word_1_243' title='bbox 1265 3762 1416 3827; x_wconf 83' lang='lat' dir='ltr'><strong>Vid.</strong></span> <span class='ocrx_word' id='word_1_244' title='bbox 1447 3759 1721 3848; x_wconf 88' lang='lat' dir='ltr'><strong>Ephem.</strong></span> <span class='ocrx_word' id='word_1_245' title='bbox 1747 3758 1909 3823; x_wconf 89' lang='lat' dir='ltr'><strong>liter.</strong></span> <span class='ocrx_word' id='word_1_246' title='bbox 1933 3756 2263 3851; x_wconf 85' lang='lat' dir='ltr'><strong>Goetting.</strong></span> <span class='ocrx_word' id='word_1_247' title='bbox 2300 3784 2406 3827; x_wconf 87' lang='lat' dir='ltr'><strong>an.</strong></span> 
     </span>
     <span class='ocr_line' id='line_1_34' title="bbox 378 3868 924 3956; baseline 0.002 -23"><span class='ocrx_word' id='word_1_248' title='bbox 378 3870 541 3956; x_wconf 83' lang='lat'>1789</span> <span class='ocrx_word' id='word_1_249' title='bbox 557 3917 576 3952; x_wconf 89' lang='lat'><strong>,</strong></span> <span class='ocrx_word' id='word_1_250' title='bbox 601 3870 737 3935; x_wconf 88' lang='lat' dir='ltr'><strong>sch.</strong></span> <span class='ocrx_word' id='word_1_251' title='bbox 776 3868 924 3937; x_wconf 80' lang='lat'>128.</span> 
     </span>
    </p>
   </div>
   <div class='ocr_carea' id='block_1_3' title="bbox 457 4078 2413 4171">
    <p class='ocr_par' dir='ltr' id='par_1_4' title="bbox 457 4078 2413 4171">
     <span class='ocr_line' id='line_1_35' title="bbox 457 4078 2413 4171; baseline 0.001 -25"><span class='ocrx_word' id='word_1_252' title='bbox 457 4083 674 4170; x_wconf 82' lang='lat' dir='ltr'><strong>Atque</strong></span> <span class='ocrx_word' id='word_1_253' title='bbox 718 4080 854 4147; x_wconf 73' lang='lat' dir='ltr'><strong>haec</strong></span> <span class='ocrx_word' id='word_1_254' title='bbox 887 4096 984 4149; x_wconf 87' lang='lat' dir='ltr'><strong>est</strong></span> <span class='ocrx_word' id='word_1_255' title='bbox 1015 4078 1380 4147; x_wconf 81' lang='lat' dir='ltr'><strong>editionum</strong></span> <span class='ocrx_word' id='word_1_256' title='bbox 1411 4078 1851 4171; x_wconf 50' lang='lat' dir='ltr'><strong>Descrtivtionis</strong></span> <span class='ocrx_word' id='word_1_257' title='bbox 1886 4078 2285 4147; x_wconf 70' lang='lat' dir='ltr'><strong>Orbis,cetroe</strong></span> <span class='ocrx_word' id='word_1_258' title='bbox 2326 4082 2413 4149; x_wconf 87' lang='lat' dir='ltr'><strong>ad</strong></span> 
     </span>
    </p>
   </div>
   <div class='ocr_carea' id='block_1_4' title="bbox 2943 3832 2947 4353">
    <p class='ocr_par' dir='ltr' id='par_1_5' title="bbox 2943 3832 2947 4353">
     <span class='ocr_line' id='line_1_36' title="bbox 2943 3832 2947 4353; baseline 0 0"><span class='ocrx_word' id='word_1_259' title='bbox 2943 3832 2947 4353; x_wconf 95' lang='lat' dir='ltr'><strong> </strong></span> 
     </span>
    </p>
   </div>
  </div>
 </body>
</html>
