2996 4685
573 393 710 465 562
1332 390 1413 454 R.
1469 391 1540 455 F.
1593 390 1940 458 AVIENI

668 520 881 609 Urget
902 566 921 601 ,
947 527 1013 581 et
1043 510 1321 579 adverso
1350 524 1732 605 surgentem
1769 533 2053 603 corpore
2081 512 2382 581 Taurum

668 624 1003 718 Respicit:
1030 619 1143 691 hic
1177 620 1399 689 medio
1440 622 1791 716 signantur
1827 619 2041 689 sidere
2076 622 2313 691 PisceS.

662 737 974 825 Quorum
1010 730 1179 801 alius
1216 730 1431 825 rigida
1470 730 1818 825 consurgit
1857 730 1933 799 in
1967 756 2122 801 aera
2159 733 2370 801 forma

662 844 939 932 Celsior,
965 857 1032 911 et
1064 844 1328 911 Borean
1365 841 1643 936 propior
1673 840 1886 929 subit,
1911 840 2078 911 alter
2108 866 2472 937 aquarum,

668 956 951 1027 Troicus
970 954 1196 1023 haurit
1216 976 1421 1046 aquas
1435 1006 1455 1039 ,
1468 950 1823 1045 funditque
1839 952 1957 1021 ubi
1976 953 2294 1047 Ephebus
2309 954 2394 1024 ab
2415 972 2618 1042 uma,
2635 982 2720 1021 550

554 1072 563 1081 ’
667 1073 853 1139 Pone
884 1065 1154 1148 avidus,
1172 1064 1352 1157 jacet
1389 1064 1459 1132 in
1494 1061 1772 1133 notialia
1804 1062 2038 1133 nubila
2073 1089 2347 1159 pronus.

668 1179 802 1250 Sed
837 1194 1059 1249 tamen
1093 1174 1164 1243 hi
1202 1173 1333 1243 late
1368 1172 1576 1243 stellis
1616 1199 1698 1243 ex
1738 1173 1974 1244 ordine
2009 1174 2174 1245 fusis

666 1294 1049 1361 Nectuntur
1081 1283 1361 1372 caudas,
1384 1298 1451 1353 et
1479 1283 1658 1353 lenta
1694 1285 2056 1355 trahuntur
2087 1300 2369 1381 utraque

658 1397 983 1484 Vincula,
1020 1421 1142 1491 per
1176 1394 1409 1464 caelum
1450 1408 1696 1464 coeunt
1733 1419 1883 1488 quae
1923 1395 2184 1489 singula
2228 1420 2528 1478 rursum,

670 1517 756 1581 Et
791 1508 992 1578 rutilo
1028 1505 1291 1576 confixa
1330 1505 1520 1599 quasi
1554 1529 1754 1599 super
1789 1504 1944 1599 igne
1986 1520 2318 1592 tenentur,
2639 1532 2716 1567 ς»

670 1618 1013 1691 Caelestem
1050 1629 1379 1685 memorat
1412 1640 1613 1708 quem
1647 1614 1853 1685 solers
1889 1616 2149 1685 Graecia
2193 1616 2482 1688 Nodum.

644 1734 771 1801 'Ex
802 1731 1086 1799 humero
1114 1724 1559 1795 Andromedae
1597 1724 1760 1793 laevo
1793 1750 2064 1820 quoque
2093 1752 2363 1796 noscere
2401 1729 2672 1797 Piscem
2695 1782 2716 1805 ,

670 1844 809 1932 Qui
850 1838 1143 1934 rigidum
1178 1835 1335 1905 celsi
1378 1849 1717 1929 suspectat
1747 1836 2037 1905 cardinis
2071 1861 2262 1906 axem
2284 1890 2303 1922 ‚

670 1948 993 2025 Perfacile
1027 1963 1161 2032 est3
1189 1945 1363 2016 ulnae
1396 1970 1550 2015 nam
1589 1946 1934 2040 proximus
1973 1946 2094 2015 iste
2131 1948 2410 2023 sinistrae

674 2060 975 2135 Caerulus
1008 2059 1305 2151 erigitur.
2645 2080 2724 2117 sc...

1444 2207 1841 2253 PERSEUS.

1351 2326 1537 2414 Quin
1571 2341 1639 2394 et
1667 2326 1948 2422 vestigia
1979 2346 2256 2425 propter

674 2451 913 2515 Persea
952 2441 1073 2508 sub
1107 2437 1361 2506 volucri
1398 2460 1520 2529 par
1560 2451 1662 2505 est
1704 2437 1822 2506 tibi
1861 2464 2158 2533 quaerere
2193 2441 2424 2511 forma.

675 2561 755 2626 In
798 2566 1002 2646 caput
1034 2551 1238 2642 inque
1272 2547 1586 2616 humeros
1619 2561 1804 2616 rotat
1837 2572 2078 2641 aegram
2119 2550 2426 2620 machina
2473 2553 2716 2620 mundi

674 2661 1169 2738 Andromedam
1195 2685 1214 2745 ;
1239 2657 1508 2727 Thracii
1545 2681 1700 2724 nam
1737 2658 1862 2726 sub
1903 2659 2132 2729 flabris
2155 2661 2508 2756 Aquilonis

674 2777 931 2850 Nititur
967 2771 1142 2841 alato
1172 2766 1417 2837 vindex
1447 2765 1654 2858 pede,
1678 2769 1966 2838 maxima
1999 2771 2189 2863 cujus

677 2891 967 2958 Dextera
1003 2881 1343 2951 moerentis
1376 2875 1620 2948 solium
1660 2902 1872 2972 prope
1909 2881 2300 2976 Cassiepeiae
2641 2911 2716 2946 w.

674 2995 1025 3082 Tenditur,
1058 2991 1447 3086 ingentique
1481 2985 1723 3055 dehinc
1750 2991 2026 3087 vestigia
2057 3017 2257 3087 passu

680 3103 1151 3179 Pulverulenta
1186 3098 1375 3196 quasi
1407 3121 1577 3167 cano
1619 3103 1854 3190 procul
1885 3126 2035 3170 aere
2064 3103 2316 3198 pandit.

654 3270 771 3338 547.
826 3268 921 3316 Hic
962 3265 1120 3314 medio
1160 3264 1419 3330 signamur
1445 3261 1602 3310 sidere
1691 3275 1912 3326 coeunt,
1959 3274 2010 3316 et
2059 3263 2230 3318 sidera
2281 3265 2508 3320 miscent
2531 3295 2576 3320 -.
2615 3269 2712 3322 En.

582 3353 754 3402 Pisces.
771 3345 950 3415 Vulgo
969 3345 1082 3394 hinc
1100 3379 1115 3404 ,
1144 3339 1295 3393 male.
1762 3340 1878 3405 554.
1901 3347 1990 3392 Per
2004 3347 2178 3395 coelum
2197 3361 2372 3396 coeunt
2384 3365 2502 3414 quoe
2521 3348 2712 3416 singulo

658 3423 904 3494 549·551·
951 3425 1145 3473 Bor-eim
1186 3423 1393 3487 propior
1444 3421 1602 3480 subit,·
1691 3441 1898 3473 rursum.
1939 3423 2080 3476 Male
2117 3423 2274 3496 vulgo
2297 3428 2514 3494 cingula.
2544 3427 2714 3499 Supra

585 3513 711 3560 alter
747 3523 1011 3573 aquarum.
1050 3501 1131 3552 Ita
1166 3517 1289 3551 cum
1314 3497 1502 3551 Grotio
1527 3497 1603 3549 le·
1693 3521 1904 3574 quoque
1923 3505 2120 3572 cingula
2144 3515 2196 3556 et
2214 3507 2408 3572 singula
2425 3503 2571 3557 male
2595 3525 2718 3578 per-

584 3586 817 3660 gendum
846 3595 898 3635 et
924 3576 1370 3653 distinguendum.
1389 3576 1598 3648 Vulgo:
1692 3598 1891 3639 mutata
1917 3585 2161 3640 vidimus.

587 3693 613 3713 α
634 3667 853 3718 Boream
880 3661 1093 3734 propior
1119 3657 1256 3730 sapit
1282 3657 1411 3710 alter
1436 3675 1604 3728 aqua·
1765 3669 1884 3722 556·
1927 3671 2170 3720 aetutem
2198 3686 2434 3721 mmm-02
2457 3691 2608 3739 qm
2645 3695 2716 3725 50.

588 3731 739 3808 rum',
757 3743 983 3796 Troicus
1004 3739 1182 3793 haurit
1200 3755 1387 3810 aquas,
1410 3735 1606 3789 fundit·
1694 3751 1786 3799 1075
1832 3751 2026 3800 σακία
2081 3753 2294 3801 Nodum,
2339 3750 2591 3804 lminms
2643 3766 2715 3806 ας

588 3844 691 3897 que
711 3821 942 3894 ephebus
962 3819 1029 3872 ab
1054 3837 1188 3872 urna
1210 3836 1225 3881 ;
1244 3817 1386 3870 Pone
1414 3815 1602 3868 avidus
1695 3819 1923 3872 Avienus
1943 3819 2283 3872 Ciceronem:
2309 3847 2336 3866 α
2355 3821 2534 3886 Quem
2557 3825 2714 3878 Vete-

584 3910 725 3976 jncet
770 3902 825 3953 in
868 3898 1087 3953 notialia
1124 3898 1307 3952 nubila
1334 3915 1536 3968 pronus
1561 3921 1599 3948 ι.
1692 3919 1775 3952 res
1797 3899 1934 3952 soliti
1955 3899 2228 3952 Caelestem
2245 3897 2426 3954 dicere
2437 3899 2660 3956 Nodum
2673 3933 2712 3956 -.

586 4016 649 4024 -
670 3980 919 4052 Adposite
942 3977 1127 4029 Manil.
1144 3978 1357 4030 Astron.
1378 3977 1436 4041 1,
1464 3975 1562 4040 43¹
1586 3994 1598 4026 :
1765 3979 1888 4042 563,
1912 3981 2028 4033 565.
2053 3982 2274 4040 Thracii;
2301 3980 2466 4052 vulgo
2493 3985 2712 4036 ῚῚινεὶάὲ.

585 4091 607 4108 ι.
636 4060 857 4112 Alterius
904 4056 1063 4126 capiti
1110 4055 1379 4127 conjungit
1428 4060 1602 4126 Aqua·
1689 4091 1757 4099 —
1804 4063 1986 4112 Solium
2027 4079 2178 4127 prope
2226 4063 2532 4128 Cassiepeiae.
2579 4061 2714 4116 Fdit.

590 4143 696 4192 rius
744 4135 913 4188 undas
956 4135 1169 4197 Amnis,
1198 4147 1247 4185 et
1284 4134 1339 4184 in
1374 4135 1608 4190 medium
1677 4140 1824 4192 Grot.
1858 4139 2042 4192 vitiose
2064 4143 2254 4190 solium.
