2996 4685
535 391 632 464 66
1069 391 1677 462 EDITIONES
1749 391 2145 462 AVIENI.

621 520 931 608 exempli,
959 519 1146 608 plura
1179 535 1476 608 poemata
1508 520 1826 607 complexi
1852 568 1870 601 ,
1901 519 2189 586 diversos
2221 521 2531 587 habuisse
2567 525 2713 590 im-

619 648 984 714 pressores‚
1029 641 1096 690 et
1141 647 1342 690 unam
1401 625 1576 714 apud
1618 625 1940 690 'rhomam
1988 627 2071 690 de
2121 625 2369 708 Blavis,
2410 631 2705 695 alteram

617 731 792 819 apud
822 731 1184 796 Antonium
1221 730 1302 794 de
1327 731 1545 796 Strata
1579 753 1881 795 excusam
1918 753 2079 796 esse.
2114 733 2255 797 Nos
2298 733 2467 797 hanc
2518 757 2703 798 con-

619 841 994 906 troversiam
1030 837 1333 903 dirimere
1363 837 1737 901 studuimus
1758 887 1776 921 ‚
1812 839 2118 926 inspectis
2164 855 2359 928 atque
2410 842 2684 907 collatis

621 947 827 1011 tribus
877 945 1015 1026 ejus
1069 943 1373 1008 editionis
1427 942 1897 1030 exemplaribus
1917 991 1936 1024 ,
1965 965 2109 1032 quae
2152 943 2428 1031 publicae
2474 947 2689 1012 nobis

615 1052 1023 1117 bibliothecae
1048 1048 1470 1138 obtulerunt(
1479 1047 1559 1135 1).
1578 1049 1678 1112 Ex
1702 1049 1801 1112 his
1824 1049 2285 1138 cognovimus,
2304 1047 2687 1141 Georgium

612 1159 859 1222 Vallam
912 1177 1052 1220 esse
1103 1171 1437 1220 auctorem
1485 1154 1823 1238 οάἰῐίοιιίε,
1865 1175 2153 1242 eumque
2198 1157 2689 1246 manuscriptos

614 1285 844 1328 eorum
876 1260 1238 1326 carminum
1271 1260 1524 1325 libellos
1540 1309 1559 1344 ,
1583 1281 1749 1349 quos
1776 1260 1951 1349 apud
1980 1283 2049 1324 se
2077 1259 2390 1343 habebat,
2417 1283 2689 1327 conces-

615 1371 773 1434 sisse
809 1366 1218 1458 typographo
1248 1363 1755 1455 imprimendos3
1784 1365 2117 1430 Victorem
2153 1365 2497 1449 Pisanum,
2528 1367 2683 1448 ejus

613 1475 1038 1564 discipulum,
1062 1473 1174 1560 qui
1208 1471 1513 1559 praefatus
1544 1487 1643 1536 est
1668 1471 1801 1560 (2),
1830 1471 2272 1561 impressionis
2300 1487 2497 1560 atq-ue
2528 1473 2683 1537 edi-

611 1581 806 1646 tionis
861 1601 1082 1645 curam
1143 1578 1451 1667 gessisse;
1504 1579 1985 1668 typographum
2050 1593 2116 1642 et
2177 1577 2673 1666 redemptorem

603 1689 751 1753 libri
791 1686 987 1750 fuisse
1019 1684 1382 1772 Antonium
1409 1683 1490 1748 de
1519 1683 1737 1749 Strata
1760 1683 1875 1772 (3).
1908 1685 2051 1749 Hoc
2086 1684 2361 1772 amplius
2394 1683 2675 1749 docebi-

606 1815 752 1857 mus
778 1789 1012 1856 ordine
1029 1804 1094 1852 et
1113 1787 1276 1852 serie
1301 1811 1523 1853 rerum
1538 1838 1557 1870 ,
1582 1812 1727 1877 quae
1755 1811 1835 1853 eo
1858 1788 2191 1852 volumine
2214 1788 2668 1871 continentur,

605 1893 1047 1962 memoranda.
1093 1893 1254 1958 Post
1291 1893 1579 1983 primum
1627 1895 1857 1986 folium
1906 1893 2087 1958 nullo
2124 1894 2318 1958 titulo
2359 1910 2669 1960 notatum

605 2002 899 2092 sequitur
936 1997 1226 2087 praefatio
1261 1999 1385 2062 hac
1420 1999 1808 2090 epigraphe:
1840 1997 1913 2066 V
1902 2000 2070 2064 ictor
2106 1997 2375 2062 Pisanus
2415 2001 2675 2086 magni-⁶

585 2246 663 2310 (ι)
701 2239 881 2290 Unum
927 2238 1041 2310 ejus
1083 2235 1423 2308 exemplum,
1463 2235 1797 2308 indulgentia
1836 2237 2141 2310 amplissimi
2182 2238 2401 2293 Senams
2440 2238 2667 2292 civitatis

518 2325 827 2400 Lipsiensis,
857 2344 922 2377 ex
949 2325 1063 2397 ejus
1095 2322 1418 2377 bibliotheca
1452 2323 1663 2397 accepi,
1704 2323 1968 2396 prebente
2006 2325 2065 2379 C.
2105 2327 2164 2378 A.
2192 2325 2441 2380 Thiemio
2482 2327 2543 2379 A.
2586 2325 2661 2381 Μ.

519 2416 715 2470 schole
749 2414 1046 2467 Thomanae
1085 2422 1392 2465 conrectore
1439 2412 1579 2465 bene
1622 2414 1815 2465 merito
1837 2452 1853 2476 ‚
1900 2414 2045 2485 quod
2082 2426 2259 2467 tamen
2303 2416 2467 2468 altera
2512 2426 2665 2487 parte

517 2504 826 2558 destitutum
853 2502 966 2555 sola
985 2500 1176 2554 Avieni
1193 2499 1430 2553 carm’ma
1452 2502 1876 2571 mproesentabat.
1899 2503 2137 2557 Alterum
2160 2504 2423 2576 integrum
2439 2540 2455 2568 ,
2476 2503 2663 2557 biblio-

515 2593 680 2643 theca
707 2588 1140 2653 Zwickaviensis,
1174 2588 1432 2640 benevole
1471 2588 1827 2661 suppeditavit
1856 2591 1989 2643 mihi
2020 2592 2102 2644 Jo.
2126 2590 2346 2645 Gottlob
2378 2590 2659 2658 Clausius,

515 2682 580 2731 V.
603 2681 662 2731 C.
695 2676 932 2749 refflndo
961 2677 1139 2749 Lyceo
1177 2677 1290 2749 ejus
1323 2676 1468 2729 urbis
1500 2678 1807 2747 prnfectus,
1829 2676 1993 2752 idque
2024 2680 2197 2751 ipsum
2223 2679 2521 2751 exemplum
2550 2692 2661 2747 est,

511 2786 621 2839 quo
665 2764 796 2817 olim
837 2782 963 2817 usus
1005 2761 1102 2815 fuit
1141 2762 1338 2816 Christ.
1369 2764 1645 2818 Daumius.
1684 2765 1923 2821 Tertium
1964 2768 2019 2819 in
2061 2766 2379 2821 bibliotheca
2420 2766 2659 2821 ecclesia

511 2852 826 2925 capitularis
859 2850 1338 2923 magdeburgensis
1365 2864 1534 2907 exstat
1550 2894 1566 2920 ,
1592 2857 1742 2927 cujus
1777 2854 2103 2909 luculentam
2130 2869 2538 2927 accuratamqne
2562 2856 2655 2911 dc·

511 2941 847 3013 scriptionem
873 2958 1084 2993 mecum
1117 2940 1503 2994 officiosissime
1534 2924 1944 2997 communicavit
1962 2944 2092 2999 Rev.
2110 2944 2157 2999 J.
2178 2944 2240 2997 F.
2265 2948 2324 2997 A.
2346 2944 2657 2999 Kinderlin-

511 3034 628 3103 gius
643 3068 662 3095 ‚
689 3040 868 3102 pastor
882 3028 1124 3082 ecclesi·
1136 3029 1414 3083 Calbensis
1433 3031 1677 3085 meritiss.
1701 3047 1865 3104 qnam
1886 3050 1985 3103 per
2010 3032 2187 3086 omnia
2210 3035 2494 3088 convenire
2530 3052 2653 3087 cum

509 3122 680 3175 altem
697 3119 942 3190 exemplo
959 3116 1089 3171 vidi.
1113 3117 1292 3171 Codex
1313 3117 1402 3171 iu-
1423 3117 1596 3173 forma
1612 3137 1703 3185 ea,
1720 3138 1882 3191 quan
1896 3134 2141 3192 quanam
2160 3120 2411 3185 dicimus,
2430 3123 2654 3194 impres·

513 3228 600 3263 sus
627 3220 707 3261 est
735 3205 878 3261 foliis
917 3202 1250 3277 octuplicatis
1268 3241 1284 3267 ,
1326 3223 1450 3277 quo
1483 3204 1542 3259 in
1571 3206 1759 3259 infima
1786 3206 1982 3279 pagina
2006 3220 2297 3273 uotautnr3
2330 3220 2385 3265 et
2412 3208 2615 3282 paginas
2632 3250 2649 3276 ,

507 3296 750 3367 quamvis
787 3295 913 3367 ipsoe
956 3292 1118 3347 nullis
1154 3293 1389 3346 numeris
1430 3304 1621 3347 notatas
1638 3332 1657 3361 o
1700 3306 2052 3349 numerantur
2094 3304 2195 3362 ²44
2211 3338 2227 3364 ,
2274 3316 2501 3371 quarum
2550 3297 2656 3351 238

504 3385 770 3456 impresso
797 3392 920 3435 sunt
937 3418 953 3449 ,
991 3380 1120 3453 quia
1153 3380 1426 3433 nonnulle
1465 3380 1522 3433 in
1558 3382 1822 3455 principio
1847 3394 1901 3437 et
1938 3384 1995 3437 in
2032 3384 2212 3439 medio
2246 3385 2448 3440 codicis
2473 3404 2650 3440 vacuo

505 3471 671 3525 literis
701 3482 842 3523 suut.

577 3579 656 3645 (a)
683 3574 840 3627 Hunc
855 3574 1131 3631 Victorem
1149 3572 1427 3643 Pisanum,
1441 3573 1729 3630 Patricium
1748 3578 2017 3633 venetum
2029 3620 2047 3647 ,
2065 3581 2183 3653 lego
2202 3580 2361 3632 etiam
2380 3594 2649 3632 commen-

499 3664 696 3720 tarium
717 3661 778 3713 in
807 3661 1080 3715 Ciceronis
1097 3662 1382 3717 Oratorem
1407 3661 1633 3717 edidisse
1663 3664 1831 3719 Paris.
1854 3684 1923 3721 ex
1948 3667 2169 3722 officina
2202 3668 2337 3720 noh.
2366 3665 2649 3738 Stephani,

508 3750 643 3807 1533
658 3791 675 3816 ,
705 3748 837 3813 iti-4.
867 3748 974 3801 Ubi
995 3750 1051 3803 in
1071 3752 1384 3821 praefatione
1402 3751 1475 3807 ad
1514 3753 1807 3809 Antonium
1836 3755 2192 3811 Piciamanum
2211 3792 2229 3819 ,
2260 3756 2529 3809 venetum
2550 3754 2645 3805 Ps-

503 3838 746 3903 tricinm,
779 3836 991 3903 scribit,
1021 3856 1078 3893 se
1113 3838 1260 3895 hunc
1298 3842 1743 3897 commentarium
1772 3862 1843 3898 ex
1868 3862 1963 3899 ore
1986 3842 2205 3915 Georgii
2229 3843 2433 3909 Vallo,
2452 3859 2643 3915 prece·

504 3926 668 4003 ptoris
693 3926 809 3989 sui,
833 3926 1116 3998 excepisse.
1143 3932 1425 3993 Maieeaioe,
1453 3930 1597 3984 Aun.
1626 3944 1836 4005 typogr.
1860 3944 1901 3986 t.
1922 3932 1979 3985 11
1997 3970 2015 3997 ,
2040 3952 2092 4006 p.
2119 3934 2240 4005 789.

571 4034 646 4104 (3)
684 4030 788 4098 Qui
826 4030 978 4084 etiam
1009 4050 1172 4103 opera
1197 4032 1412 4106 Georgii
1431 4034 1601 4089 Vallo
1628 4036 1813 4093 eodem
1844 4056 1984 4093 anuo
2007 4038 2243 4093 venetiis
2260 4036 2488 4092 edidisse
2514 4033 2639 4089 dici-

497 4133 584 4176 tur
608 4122 664 4175 in
691 4118 918 4176 Fabricii
945 4120 1078 4175 Bibl.
1097 4120 1214 4175 Lat.
1243 4120 1384 4178 med.
1407 4134 1459 4179 et
1479 4124 1580 4181 inf.
1603 4138 1682 4181 nt.

519 4372 542 4421 t
