2996 4685
787 393 1192 460 ARATEA
1255 389 1957 461 PHAENOMENA.

2303 385 2429 474 541

404 515 536 586 Sed
575 516 730 610 quia
769 539 908 584 non
945 529 1124 583 certa
1162 513 1531 584 formarum
1576 509 1723 581 luce
1754 525 2077 582 notantur

405 627 656 696 Omnia
697 624 1060 711 sideribuS‚
1086 649 1345 693 cassum
1375 623 1450 692 fit
1477 637 1715 693 caetera
1738 621 1995 718 volgus:

404 734 680 804 Mobilis
717 759 799 803 en
843 735 1042 804 etiam
1083 734 1319 803 mundi
1357 759 1427 802 se
1459 733 1773 802 machina
1800 747 2051 822 versat,

409 845 727 915 Ponderis
768 860 838 914 et
879 845 1137 940 proprii
1175 844 1384 914 trahit
1417 843 1763 913 inclinatio
1795 841 2065 928 caelum3
2398 867 2446 902 ⁸⁵

405 955 538 1024 Sed
577 981 712 1024 non
747 955 886 1025 axis
924 955 1079 1023 item
1124 955 1313 1023 curvi
1343 955 1673 1049 vertigine
1700 953 1911 1022 fertur
2019 983 2027 988 ·

411 1065 736 1150 AEtheriS‚
769 1080 846 1135 ut
877 1064 1083 1160 stylus
1119 1062 1414 1134 instabili
1456 1061 1883 1133 convolvitur
1923 1061 2111 1149 orbi,

411 1181 564 1273 Ipse
609 1201 885 1246 manens
928 1175 1284 1270 tenuisque
1321 1174 1558 1269 procul
1600 1197 1786 1244 sacra
1818 1175 2072 1243 viscera
2106 1171 2245 1242 caeli

409 1288 746 1372 perforat,
774 1303 839 1357 et
873 1286 1108 1356 mediae
1141 1285 1381 1356 molem
1423 1301 1615 1353 terrae
1664 1298 1883 1372 tenet3
1916 1281 2103 1354 illum

411 1403 570 1469 Non
619 1398 876 1494 prolixa
910 1398 1086 1485 dies,
1113 1423 1248 1466 non
1287 1396 1737 1466 incumbentis
1778 1394 2051 1492 Olympi
2404 1429 2459 1468 9⁰

415 1515 673 1581 Cursus
712 1511 882 1606 agit,
909 1523 1203 1578 motatve
1243 1506 1394 1578 loco
1431 1507 1643 1594 labor,
1675 1522 1753 1576 ut
1786 1503 1987 1576 semel
2024 1507 2281 1576 haerens

413 1623 774 1708 Constitit,
801 1636 870 1689 et
902 1621 1063 1689 ferri
1095 1645 1162 1689 se
1196 1621 1448 1688 circum
1487 1633 1731 1689 cuneta
1768 1617 2039 1686 remisit.

509 1732 867 1802 Terminus
905 1744 1202 1800 extremo
1247 1729 1475 1824 dispar
1513 1727 1731 1824 polus.
1780 1731 2053 1798 Oceano
2094 1751 2248 1824 pars

421 1841 724 1912 Sublime
751 1843 1056 1937 erigitur,
1089 1841 1267 1910 subit
1304 1839 1515 1910 altera
1552 1863 1768 1909 mersa
1802 1838 1929 1908 sub
1970 1838 2183 1908 undas

415 1957 578 2022 Pars
615 1952 944 2036 Erebum,
978 1967 1042 2021 et
1080 1952 1257 2045 nigri
1289 1951 1468 2044 jacet
1505 1949 1645 2019 haec
1682 1965 1757 2021 ut
1795 1950 2060 2020 conscia
2104 1948 2321 2018 Ditis:
2410 1975 2461 2025 ⁹⁵

414 2066 540 2133 Hic
569 2065 827 2148 Notus3
859 2060 1204 2131 horriferis
1230 2060 1660 2155 aquilonibus
1695 2059 1811 2130 illa
1848 2061 2222 2156 rigescunt,

417 2181 515 2245 Ac
543 2190 713 2243 teres
747 2175 818 2243 in
848 2175 1112 2267 gemina
1147 2171 1373 2241 stridit
1399 2171 1727 2267 vertigine
1754 2169 1979 2241 cardo.

419 2286 606 2359 Alter
636 2286 708 2355 in
743 2285 1056 2355 obtutum
1095 2281 1308 2353 facilis
1343 2279 1541 2370 latet3
1575 2280 1742 2352 alter
1776 2297 1841 2351 et
1876 2280 2016 2352 alto

320 2524 510 2557 mamm
547 2508 656 2558 luce
681 2518 926 2557 notamur
958 2506 1140 2555 Omnia
1177 2506 1352 2555 sideri-

321 2588 407 2635 bus
420 2622 436 2643 ‚
465 2603 660 2634 cassum
673 2586 748 2653 fit
772 2598 953 2634 eoeeera
983 2587 1190 2651 volgus.
1208 2583 1348 2635 Male

1512 2520 1602 2572 91.
1668 2508 1731 2554 Ut
1788 2506 1941 2555 semel
1976 2505 2169 2555 lta-mm
2226 2504 2465 2557 constitit.

1445 2586 1635 2637 Aratus
1651 2620 1668 2646 ,
1694 2581 1877 2637 Phaon.
1905 2602 1960 2636 v.
2002 2600 2097 2646 22,
2127 2582 2316 2655 ἄρηρεν.
2344 2584 2479 2655 Ην,

325 2662 486 2733 vulgo
506 2660 704 2731 legitur
729 2671 784 2712 et
807 2658 1181 2731 distinguitur:
1209 2685 1232 2706 ι
1255 2661 1358 2713 for-
1443 2662 1639 2727 uilius,
1682 2663 1741 2727 Ι,
1774 2663 1893 2725 ’284
1932 2682 1945 2715 :
1994 2687 2017 2708 ι
2038 2662 2243 2733 Perque
2294 2664 2471 2735 iprum
2540 2718 2545 2723 ,

326 2758 537 2792 marum
585 2740 642 2792 in
687 2738 808 2791 luce
841 2747 1094 2790 notantur
1138 2738 1358 2803 Omnia,

327 2820 614 2885 sideribus,
635 2828 736 2871 eto.
757 2842 782 2865 ο
813 2821 1030 2885 Vulgum
1049 2834 1246 2867 cassum
1267 2834 1364 2869 vo·

326 2912 414 2955 cut
439 2899 672 2952 Avienus
699 2896 874 2952 stellas
899 2894 1210 2969 ἀμορφωτοὺς
1231 2934 1246 2959 ,
1284 2893 1353 2948 de

257 2980 265 2987 ’
325 2980 518 3053 quibus
551 2978 675 3031 alibi
713 2995 727 3030 :
768 3002 791 3023 ι
845 2976 1016 3049 ignoti
1056 2975 1173 3029 vice
1212 2975 1358 3049 vulgi

329 3070 496 3115 semet
521 3058 578 3111 in
603 3058 821 3123 aethram
847 3054 1150 3109 Protollunt
1168 3080 1211 3105 ο.
1242 3054 1360 3109 Μι-

327 3139 517 3207 nilius,
543 3140 604 3202 1,
641 3146 778 3210 ⁴7⁰²
812 3154 1024 3209 «quum
1055 3136 1206 3189 Luna
1236 3154 1364 3189 con·

330 3219 477 3273 ditur
501 3236 664 3272 omne
695 3217 979 3273 Stellarum
999 3215 1228 3288 vulgus,
1270 3216 1360 3268 fu-

333 3298 486 3370 giunt
521 3296 636 3349 sine
675 3297 895 3349 nomine
937 3296 1089 3366 signa
1111 3320 1156 3346 ο.
1201 3294 1358 3349 Conf.

332 3380 446 3432 Joc.
475 3376 724 3448 Scaliger.
745 3386 858 3428 not.
887 3374 958 3427 ad
978 3376 1033 3428 h.
1060 3374 1100 3428 l.
1129 3392 1254 3448 pag.
1275 3379 1364 3428 62.

409 3457 496 3527 87.
535 3460 600 3507 Ut
637 3458 792 3522 sylus
819 3456 1036 3507 instabili
1067 3458 1372 3508 convolvitur

349 3540 472 3589 orbi.
517 3534 657 3589 Edd.
709 3533 1030 3606 antiquiores
1079 3536 1130 3586 in
1184 3536 1368 3589 stabili.

345 3616 581 3672 Correxit
601 3617 714 3689 jam
741 3614 1030 3668 Morellius.

407 3698 496 3750 88.
531 3703 646 3765 Ipse
679 3714 889 3747 manens
910 3698 1168 3761 tenuisque
1186 3698 1368 3763 procul

337 3798 486 3829 sacra
521 3780 718 3829 ‘viscera
757 3778 870 3826 coeli
909 3775 1148 3842 Persorac.
1184 3774 1369 3846 Vulgo

338 3859 454 3910 uine
479 3874 640 3911 sensu
665 3874 680 3908 :
707 3880 732 3901 ι
750 3856 896 3907 Luce
921 3868 1170 3907 manente
1193 3866 1372 3906 tenus-

339 3956 444 4010 que
469 3936 658 4009 procul
683 3960 721 3986 ι.
747 3934 839 3986 Uti
861 3952 960 3987 nos
983 3932 1258 3999 dedimus,
1289 3952 1372 3989 re-

343 4016 548 4089 scripsit
572 4014 794 4069 Grotius
809 4054 824 4077 ‚
845 4013 942 4085 qui
965 4014 1122 4067 etiam
1151 4024 1334 4066 monet
1351 4054 1366 4077 ,

340 4102 536 4169 procul,
580 4101 702 4156 Iaoe,
733 4114 907 4163 super,
951 4093 1160 4165 aliaque
1182 4093 1367 4149 similia

340 4180 396 4233 in
414 4180 618 4234 Avieno
609 4194 770 4267 σεεμ
787 4175 1006 4248 reperiri
1023 4175 1365 4235 πλεονάζοντα.

1448 2750 1603 2792 terro
1628 2739 1861 2793 directus
1882 2740 2115 2793 constitit
2136 2744 2321 2794 orbem
2346 2766 2390 2795 ι.

1520 2818 1607 2887 93.
1625 2820 1875 2869 Terminus
1900 2832 2119 2871 extremo
2128 2824 2473 2888 dispar-polus,-

1450 2902 1654 2948 Oceano
1666 2916 1790 2965 pars
1810 2900 2014 2951 sublime
2034 2901 2245 2967 angitur.
2262 2900 2348 2953 Sic
2364 2918 2477 2954 ma·

1447 2974 1547 3028 luit
1575 2975 1813 3029 Grotius.
1840 2976 2096 3030 Extremo
2114 2978 2200 3032 axi
2220 2978 2476 3034 terminus

1451 3066 1534 3108 est
1553 3054 1734 3129 dispar
1752 3058 1924 3129 polus.
1939 3059 2087 3111 Arnt.
2104 3057 2370 3113 Phanas.
2387 3060 2481 3124 84:

1449 3137 1552 3189 Καί
1585 3157 1665 3209 μιν
1694 3137 1988 3209 πιφαὶνουσι
2022 3136 2124 3193 δύο
2155 3139 2299 3193 πόλοι
2319 3139 2476 3211 ἀμφο-

1449 3219 1669 3289 τέρωθεν.
1698 3218 1875 3271 Potest
1896 3232 2077 3297 tamen
2104 3220 2323 3292 vulgata
2344 3238 2479 3292 quo·

1451 3316 1559 3368 que
1600 3296 1757 3351 lectio
1800 3324 1826 3343 ιι
1852 3296 1961 3351 Nee
2012 3300 2188 3352 minus
2246 3310 2479 3355 extremo

1461 3376 1645 3449 disper
1676 3378 1837 3449 polus
1857 3402 1881 3424 ο
1898 3418 1915 3444 ,
1948 3377 2351 3449 quodammodo
2389 3380 2482 3435 de-

1457 3456 1628 3511 fendi.
1662 3463 1782 3509 Pars
1819 3456 1875 3511 h.
1918 3458 1954 3509 l.
1994 3458 2185 3512 eodem
2211 3478 2369 3515 sensu
2400 3460 2483 3517 din

1458 3539 1617 3601 cimr,
1646 3556 1755 3611 quo
1783 3536 1930 3609 apud
1962 3538 2365 3605 Germanicum,
2407 3560 2482 3597 ve.

1459 3637 1524 3671 υ
1562 3638 1578 3674 t
1617 3643 1643 3663 ι
1664 3616 1839 3682 Quem
1866 3617 2016 3671 Graii
2056 3616 2237 3673 dixere
2264 3620 2481 3693 polum

1455 3718 1577 3771 pers
1598 3718 1769 3754 mersa
1796 3699 1897 3752 sub
1917 3698 2089 3753 undas
2113 3702 2312 3756 Oceani
2326 3742 2343 3769 ,
2359 3722 2485 3776 pars

1457 3778 1601 3832 celsa
1619 3779 1717 3831 sub
1733 3779 2002 3833 horrifero
2025 3782 2293 3855 Aquilone
2308 3808 2331 3830 ι
2348 3801 2364 3846 ;
2386 3784 2482 3838 ubi

1459 3858 1583 3912 vide
1610 3859 1767 3911 Buhl.

1532 3956 1618 4009 97.
1646 3946 1723 3991 Ac
1752 3954 1875 3992 teres
1900 3944 1950 3993 in
1976 3945 2198 4011 gemina.
2229 3945 2309 3997 Ita
2340 3956 2485 3998 recte

1459 4016 1584 4071 edd.
1636 4020 1972 4089 antiquiores.
2010 4021 2148 4077 Edd.
2200 4022 2390 4076 morel.
2434 4036 2487 4077 et

1455 4097 1607 4152 Grot.
1632 4098 1689 4151 in
1708 4110 1853 4151 textu
1872 4102 2137 4171 (quamvis
2156 4102 2489 4174 improbante

1457 4176 1673 4249 Grotio)
1692 4184 1803 4232 Hac
1820 4194 1961 4233 teres.
