2996 4685
580 447 721 516 388
1267 447 1816 536 EXQURSUS
1874 453 2025 520 vn

577 592 738 634 num
773 586 1031 657 tempus
1063 568 1456 634 celebratum
1491 587 1728 636 narrat.
1764 571 1993 661 Neque
2025 573 2197 640 aliud
2237 593 2493 667 tempus
2526 604 2725 670 posse

577 670 878 760 intelligi,
923 670 1287 750 cantilenae,
1331 693 1527 759 quam
1564 670 1985 758 adduximus,
2026 678 2225 743 verba
2267 680 2527 747 docent.
2570 685 2718 750 Iam

571 795 701 861 qua
733 773 1014 836 formula
1047 772 1222 860 apud
1255 769 1547 854 Rhodios
1581 776 1865 841 solennis
1896 776 2305 848 adnuntiatio
2341 785 2508 848 veris
2547 785 2719 851 saca

573 891 706 954 est,
755 873 980 938 eadem
1011 872 1189 961 apud
1224 874 1446 947 Delios
1480 874 1713 939 factam
1746 900 1885 941 esse
1920 879 2229 946 credibile
2261 900 2389 966 est3
2438 908 2717 976 eamque

571 977 739 1041 sorte
786 976 1063 1065 respexit
1093 976 1411 1057 Avienus,
1461 999 1720 1041 morum
1760 997 1825 1042 et
1864 981 2109 1045 rituum
2162 983 2541 1051 Graecorum
2586 989 2715 1052 mi-

555 1079 748 1144 'nime
780 1079 1064 1166 ignarus·
1089 1078 1194 1140 W.

571 1319 2591 1348 mmmmmmmmmmmmmmmnsmm
2596 1329 2691 1348 m

944 1529 1950 1652 EXCURSUS
2039 1533 2316 1654 VII

797 1793 924 1860 AD
975 1790 1292 1859 DESCR.
1337 1792 1541 1858 ORB.
1588 1791 1942 1874 TERRAE,
1994 1817 2086 1860 vs.
2136 1792 2481 1892 723-729.

1447 1997 1819 2023 ,ἐφ’-...-

843 2344 970 2396 Hac
997 2354 1119 2395 sunt
1141 2341 1279 2396 dona
1307 2341 1444 2414 piis:
1483 2342 1557 2397 sic
1578 2344 1701 2396 illos
1721 2344 1923 2415 Jupiter
1946 2345 2065 2397 imis

843 2428 1046 2479 Exemit
1071 2427 1301 2480 tenebris
1325 2445 1339 2479 :
1377 2428 1539 2480 Erebi
1570 2429 1643 2481 sic
1672 2428 1837 2482 inscia
1866 2430 2046 2482 virtus.

655 2596 781 2658 Lim
789 2616 906 2657 emt
925 2592 1199 2656 insulam
1213 2640 1230 2667 ‚
1247 2614 1444 2679 quam
1463 2592 1883 2680 Borysthenis
1902 2592 2072 2655 ostio
2092 2591 2411 2671 objectam
2432 2591 2665 2673 dicunt
2678 2642 2699 2675 ,

511 2772 518 2777 q
565 2693 861 2759 nonnulli
908 2693 989 2757 ab
1027 2692 1148 2757 alia
1181 2692 1498 2773 Achillea,
1532 2708 1600 2756 et
1635 2692 1893 2757 Achillis
1937 2693 2219 2775 Dromo,
2249 2692 2331 2757 de
2364 2716 2496 2783 quo
2528 2695 2695 2760 Dio·

561 2798 784 2885 nysius
827 2794 1018 2876 alibi,
1048 2793 1493 2882 distinguunt,
1522 2792 1866 2882 Euripides
1912 2793 1980 2856 in
2022 2794 2359 2883 Iphigenia
2383 2794 2695 2875 Taurica,

559 2919 624 2964 et
657 2900 964 2964 Arrianus
1001 2898 1068 2962 in
1108 2897 1365 2986 Periplo
1400 2898 1593 2961 Ponti
1624 2897 1898 2979 Euxini,
1928 2898 2042 2985 qui
2076 2920 2216 2961 eam
2238 2898 2695 2986 ‘copiosissime

560 3000 898 3088 descripsit
917 3048 935 3081 ,
965 3022 1164 3064 unam
1217 2984 1643 3086 eamdemque
1692 3020 1845 3061 cum
1896 2997 2032 3061 istis
2080 2997 2462 3085 perhibent,
2492 2999 2691 3086 pleri-

557 3124 687 3189 que
719 3116 966 3179 tamen,
997 3099 1159 3162 etin
1193 3099 1294 3162 his
1323 3098 1555 3187 Scylax
1582 3100 1651 3163 in
1686 3098 1919 3186 Peripl.
1955 3122 2021 3186 p.
2054 3098 2141 3164 30
2177 3097 2383 3164 Huds,
2416 3100 2691 3182 Strabo,

555 3201 665 3266 lib.
696 3202 850 3282 vn,
883 3222 947 3287 p.
982 3202 1145 3286 4703
1179 3199 1343 3263 Plin.
1399 3199 1508 3263 lib.
1546 3200 1659 3281 IV,
1696 3222 1835 3287 cap.
1878 3222 1953 3263 12
1988 3217 2057 3265 et
2092 3200 2207 3281 133
2232 3204 2450 3266 Amm.
2484 3202 2685 3267 Marc.

555 3304 780 3384 XXII,
806 3324 946 3390 cap.
992 3300 1065 3382 8,
1099 3323 1162 3389 p.
1200 3299 1320 3380 341
1345 3346 1365 3380 ,
1399 3302 1659 3364 Leucen
1692 3300 1865 3364 illam
1890 3301 2129 3365 Achilli
2164 3323 2441 3379 sacram,
2476 3318 2545 3365 et
2575 3318 2687 3367 tu-

553 3406 730 3469 mulo
755 3404 926 3469 illius
948 3401 1070 3466 viri
1090 3402 1326 3466 claram
1352 3419 1741 3477 memorant.
1769 3401 2043 3489 Propter
2069 3402 2322 3491 insigne
2348 3418 2413 3465 et
2440 3424 2687 3467 memo—

549 3507 746 3569 rabile
779 3506 1062 3594 elogium
1083 3551 1103 3585 ,
1147 3502 1330 3591 quod
1383 3504 1442 3567 ei
1477 3505 1758 3567 Avienus
1814 3502 2073 3584 tribuit,
2120 3500 2443 3591 siquidem
2496 3501 2683 3568 sedes

551 3606 886 3669 beatorum
905 3653 925 3686 ,
953 3628 1098 3693 quae
1132 3604 1285 3669 alias
1317 3627 1353 3667 a
1388 3607 1596 3693 poetis
1630 3605 1701 3667 in
1736 3604 1977 3669 insulas
2013 3620 2191 3677 extra
2222 3604 2448 3668 orbem
2484 3619 2685 3669 terra·

549 3728 696 3771 rum
718 3753 738 3787 ,
761 3722 826 3769 et
883 3706 1049 3769 ultra
1100 3707 1465 3787 Oceanum,
1508 3705 1808 3770 collocari
1854 3704 2047 3787 solet,
2076 3704 2184 3768 hic
2236 3704 2460 3769 insulae
2513 3705 2683 3767 intra

547 3806 706 3870 fines
753 3806 928 3869 orbis
975 3808 1256 3896 cogniti,
1300 3824 1366 3871 et
1405 3808 1474 3869 in
1512 3822 1671 3871 noto
1710 3807 1871 3871 mari
1915 3806 2050 3871 sitae
2096 3806 2442 3888 tribuitur3
2470 3803 2553 3869 de
2604 3828 2677 3869 ea

547 3929 727 3971 nunc
761 3907 978 3995 paullo
1013 3906 1250 3996 largius
1287 3907 1535 3988 dicam,
1576 3908 1665 3971 ita
1704 3907 1971 3997 quidem
1991 3956 2009 3990 ,
2040 3922 2116 3971 ut
2136 3954 2153 3989 ‚
2181 3908 2363 3996 prius
2410 3906 2679 3971 nomine

543 4008 682 4087 ejus
734 4024 800 4071 et
835 4022 1062 4071 natura
1099 4011 1416 4097 exposita,
1445 4008 1513 4083 in
1556 4010 1837 4073 rationes
1886 4007 2210 4096 inquiram
2235 4056 2253 4090 ,
2280 4008 2367 4072 ob
2418 4030 2577 4095 quas
2614 4009 2677 4071 ei

540 4110 764 4174 insule
799 4106 980 4172 sedes
1007 4109 1338 4173 beatarum
1371 4111 1737 4175 animarum
1766 4112 1849 4173 sit
1870 4109 2223 4175 adtributa.
2250 4110 2355 4174 Ab
2384 4110 2545 4174 albis
2570 4132 2681 4173 ru-

541 4210 731 4296 pibus
761 4228 1002 4271 nomen
1035 4208 1352 4295 accepisse
1377 4210 1657 4275 Avienus
1689 4212 1912 4274 statuit
1928 4259 1944 4291 ,
1972 4210 2172 4275 Leuce
2203 4232 2370 4275 cana
2395 4212 2633 4299 jugum
2648 4259 2669 4289 ‚
