2996 4685
426 371 563 415 202

1164 349 1245 414 R.
1301 349 1372 414 F.
1430 349 1808 418 AVIENI

520 471 799 538 Eminus
844 471 1120 554 invecti,
1155 495 1287 563 qua
1330 485 1616 564 pontum
1659 475 1924 566 gurgite
1965 475 2220 566 rumpit

526 577 806 646 Flumen
842 577 1038 666 Alex,
1074 581 1296 648 Graiae
1334 597 1653 650 rexerunt
1696 581 1897 652 lintea
1935 583 2204 676 cymbae.
2480 569 2555 648 513

526 690 701 758 Hinc
737 691 1188 784 Metapontini
1232 690 1622 761 discurrunt
1661 691 1858 762 latius
1893 717 2092 762 arvo:

426 858 480 910 ni
522 876 651 929 gens
686 859 1005 914 circumfusa
1039 873 1335 932 παιδεῖαι-»ς
1372 879 1447 913 vs.

428 939 557 1000 480:
585 965 608 986 ι
633 935 864 1011 indeque
888 941 1095 1012 Cempsi
1116 941 1259 995 Gens
1286 941 1395 1014 agit
1405 968 1446 995 »-

424 1019 522 1072 Or.
552 1037 682 1072 mar.
714 1038 793 1073 vs.
822 1024 925 1084 464
953 1033 1004 1074 et
1030 1021 1150 1084 485.
1176 1023 1353 1077 Facile
1376 1036 1451 1076 ta-

430 1117 549 1150 men
573 1102 763 1152 mutari
786 1113 1035 1172 possunt,
1061 1116 1119 1156 ut
1141 1122 1215 1157 vs.
1246 1103 1346 1168 445
1374 1104 1449 1158 sic

426 1178 752 1250 refingatur:
790 1206 813 1227 ι
838 1183 964 1236 Dira
1001 1183 1448 1237 Melanchlaenum

430 1277 558 1328 gens
611 1259 935 1316 circumfusa
985 1275 1241 1334 vagantur
1276 1287 1297 1308 ι·
1322 1301 1337 1327 ,
1392 1273 1451 1316 ut

427 1337 693 1391 Heinsius.
721 1339 813 1392 Or.
839 1361 970 1394 mar.
995 1343 1124 1406 485:
1150 1343 1451 1415 -Bebryces

426 1417 531 1470 iuic
546 1455 563 1482 ,
584 1437 715 1489 gens
744 1421 963 1492 agrestis
996 1434 1049 1475 et
1075 1423 1221 1475 ferox
1241 1463 1257 1488 ,
1286 1423 1451 1474 Peco-

424 1516 546 1550 rum
578 1498 878 1571 frequentes
916 1499 1301 1554 intererrabant
1334 1520 1453 1573 gre-

427 1595 517 1648 ges
538 1602 584 1629 n.
635 1577 742 1632 Sed
782 1578 1089 1652 hujusmodi
1131 1579 1452 1634 medicinam

426 1655 525 1708 alia
568 1657 681 1710 loca
724 1672 997 1730 respuunt.
1041 1661 1293 1714 Ausimne
1337 1672 1454 1712 teu-

426 1735 576 1789 tare?
604 1757 683 1791 vs.
710 1739 845 1802 480:
868 1765 891 1786 ι
908 1737 1141 1813 indeque
1164 1741 1453 1812 Cempsfim

429 1816 575 1869 Gens
611 1817 720 1891 agit
750 1844 802 1880 ι,
843 1830 893 1871 et
931 1818 1036 1872 hoc
1063 1820 1184 1874 loco
1211 1846 1233 1868 ι
1254 1825 1370 1874 Huc
1398 1839 1455 1872 se

427 1897 603 1968 prisea
650 1897 874 1952 Locrfm
918 1919 1048 1972 gens
1086 1899 1337 1966 intulit»;
1380 1920 1453 1956 vs.

429 1973 530 2030 536
554 1993 569 2028 :
602 2002 624 2024 ι
648 1977 792 2031 Gens
819 1978 1039 2052 Hyllum
1075 1980 1305 2052 plurima
1336 2000 1455 2033 rur-

360 2061 375 2070 “
428 2075 516 2107 sus
528 2057 734 2110 Accolit
751 2083 791 2108 ι.
811 2060 894 2110 Ita
923 2057 1140 2129 quidem
1168 2059 1455 2132 saepissime

428 2135 587 2188 Poeta
608 2173 623 2198 ‚
653 2149 812 2207 atque
831 2135 965 2190 adeo
987 2138 1347 2190 contractione
1365 2158 1457 2209 pa-

427 2213 515 2265 rili
536 2251 551 2277 ,
581 2234 627 2267 v.
648 2217 776 2268 250:
802 2243 827 2262 κ
842 2217 1187 2269 Cimmerium
1206 2237 1336 2288 gens
1356 2216 1457 2270 du·

436 2311 495 2345 ra
536 2293 719 2347 colunt
742 2316 803 2362 ις
836 2295 931 2349 sed
965 2294 1073 2349 vid.
1112 2295 1246 2350 302:
1285 2316 1459 2370 «gens

434 2372 539 2426 late
566 2372 736 2444 prisca
756 2374 989 2428 virorum
1020 2376 1382 2449 Lotophagi-3
1408 2388 1461 2431 et

436 2452 542 2505 vid.
578 2473 655 2505 vs.
690 2453 824 2517 523,
857 2458 979 2523 946.
1010 2454 1169 2510 Prisc.
1205 2475 1279 2508 vs.
1324 2456 1456 2510 300:

435 2558 457 2580 ι
480 2533 919 2587 Melanchlaeuum
949 2536 1194 2607 populus,
1226 2549 1461 2589 metuen-

436 2611 535 2665 dus
553 2612 607 2664 in
630 2632 756 2665 arcu
774 2640 812 2667 a.
837 2613 1209 2680 Scene—Quid
1230 2614 1298 2669 de
1315 2616 1461 2671 hisce

435 2693 892 2749 emendationibus
934 2696 1186 2762 seutiam,
1231 2697 1462 2751 breviter

436 2772 707 2826 enuntiavi
754 2776 807 2827 iu
856 2776 1017 2829 variis
1063 2776 1183 2829 leet.
1220 2778 1463 2830 varietas

434 2852 794 2923 exemplorum
838 2852 1019 2922 docet,
1062 2868 1348 2926 utrumque
1382 2856 1463 2909 lo·

433 2932 633 3003 quendi
699 2954 863 3005 genus
915 2934 1117 2988 Avieno
1174 2937 1459 3007 probatum

432 3011 612 3067 fuisse.
642 3013 743 3067 W.
786 3046 856 3055 -
880 3014 1089 3069 Veneta
1126 3016 1287 3068 habet
1324 3022 1461 3069 Hunc

433 3112 485 3143 se
506 3096 706 3161 prisca,
746 3114 805 3145 ex
839 3114 947 3165 quo
974 3095 1135 3167 Cusp.
1159 3108 1210 3147 et
1232 3096 1459 3150 Vadian.

439 3172 677 3224 fecerunt
705 3176 836 3224 Hinc
866 3193 944 3235 se,
983 3173 1219 3226 Pithoeus
1246 3180 1355 3226 Huc
1379 3196 1456 3237 se,

434 3250 581 3323 quod
602 3255 863 3323 optimum
887 3266 979 3307 est.
1022 3253 1351 3307 Schraderus
1374 3256 1461 3308 vix
1494 3272 1500 3283 ·

437 3330 710 3383 serendum
748 3345 895 3405 putat
934 3339 1101 3395 Locri,
1132 3354 1253 3403 gens
1273 3338 1459 3402 prisca.

437 3408 595 3473 Quod
618 3424 791 3464 tamen
822 3414 911 3465 ubi
946 3414 1121 3484 plures
1148 3413 1247 3467 loci
1270 3413 1464 3467 docent

436 3487 637 3541 Avieno
666 3492 925 3545 familiare
951 3510 1062 3546 esse
1090 3490 1218 3561 (vid.
1247 3513 1300 3545 v.
1334 3495 1457 3560 481,

442 3564 574 3633 536)
606 3586 703 3621 cur
726 3568 867 3622 idem
890 3570 991 3626 hoc
1020 3572 1140 3625 loco
1168 3584 1461 3636 mutemus,

440 3657 491 3697 et
519 3658 593 3698 tot
620 3648 735 3699 aliis
756 3648 915 3715 locis,
954 3652 1147 3721 quibus
1181 3650 1364 3704 similis
1391 3652 1464 3703 lo·

440 3725 584 3778 cutio
620 3726 782 3790 inest,
824 3729 927 3781 vim
964 3730 1279 3795 inferamus,
1317 3730 1465 3783 nullu

438 3806 568 3859 ratio
592 3804 795 3860 suadet.

515 3888 632 3951 514.
672 3894 877 3937 Pontum
916 3892 1109 3957 gurgite
1150 3894 1341 3957 rumpit.
1381 3891 1466 3945 Sic

434 3988 749 4035 perrumpere
770 3988 816 4017 ν.
840 3968 938 4031 434
953 4009 967 4033 ,
987 3978 1036 4017 et
1058 3967 1229 4038 ipsum
1249 3990 1469 4039 reincipere

442 4046 604 4100 Prisc.
635 4066 683 4099 v.
714 4048 832 4117 287.
863 4048 1031 4101 Souis.

518 4125 639 4179 515.
682 4130 879 4176 Flumen
914 4128 1057 4177 Alex.
1101 4125 1227 4178 Vid.
1282 4138 1467 4195 praeter

1533 863 1699 917 strab.
1728 877 1778 917 et
1806 865 2027 938 Dionys.
2051 865 2243 919 Conon
2261 903 2277 928 ,
2310 865 2460 920 Nat-r.
2481 865 2556 928 V;

1531 941 1784 1016 Thufyd-
1814 964 1863 1015 p.
1902 947 2023 997 228.
2055 942 2242 1008 Livio,
2267 942 2482 1008 xxlx,
2511 961 2567 1014 7,

1537 1022 1600 1090 3,
1635 1024 1832 1078 nomen
1862 1022 2004 1078 istud
2037 1023 2311 1076 restituere
2341 1035 2566 1076 conatur

1534 1104 1566 1155 J
1568 1141 1581 1154 .
1605 1105 1648 1156 F
1648 1125 1696 1157 r.
1715 1103 1881 1156 Gron.
1899 1101 2060 1168 Quod
2081 1121 2180 1175 pro
2199 1104 2412 1173 vulgato
2430 1117 2563 1159 texe·-

1536 1198 1652 1234 rmie
1667 1183 1832 1236 Huds.
1851 1183 1907 1236 in
1935 1181 2071 1235 Add.
2085 1201 2342 1254 reponere
2365 1180 2533 1233 voluit
2549 1219 2564 1243 ‚

1536 1278 1797 1324 nexerunt,
1825 1275 1918 1316 aut
1936 1277 2208 1324 mmet-unt,
2235 1280 2427 1334 parum
2454 1261 2567 1332 pla-

1539 1355 1619 1395 cet
1636 1384 1651 1408 ,
1673 1361 1991 1415 quamquam
2017 1357 2275 1402 rexerunt,
2297 1340 2443 1412 quod
2461 1341 2570 1392 vli-

1539 1421 1612 1475 tio
1635 1422 1856 1475 debetur
1879 1421 1947 1474 ad
1975 1421 2126 1474 Grai.
2152 1440 2232 1474 vs.
2263 1421 2358 1490 87,
2389 1418 2570 1471 multis

1539 1501 1758 1555 defendi
1787 1513 1972 1574 potest.
1999 1503 2326 1572 Recepturus
2351 1501 2406 1553 in
2437 1518 2564 1552 con·

1540 1595 1742 1636 textum
1763 1601 1879 1636 sum
1895 1620 1911 1646 ,
1938 1581 2086 1654 quod
2108 1581 2290 1633 Amhr.
2313 1581 2496 1642 offert,
2517 1590 2571 1631 et

1541 1661 1754 1734 ingenio
1786 1662 1986 1733 reperit
2018 1659 2224 1731 Higtius
2251 1677 2264 1712 ε
2307 1685 2332 1704 κ
2353 1658 2573 1711 Eminus

1540 1740 1736 1794 invecti
1764 1778 1777 1791 .
1799 1781 1812 1793 .
1835 1776 1848 1789 .
1869 1781 1880 1792 .
1925 1739 2097 1792 Graiae
2126 1735 2385 1790 flexerunt
2413 1736 2570 1790 lintea

1541 1821 1744 1894 cymbae
1763 1845 1806 1871 a.
1841 1817 2014 1890 Prope
2044 1815 2279 1878 accedit,
2317 1815 2463 1888 quod
2494 1829 2574 1868 est

1542 1919 1617 1952 vs.
1645 1901 1748 1970 798
1774 1917 1787 1950 :
1819 1925 1844 1943 κ
1865 1897 1919 1950 Si
1947 1911 2128 1950 tamen
2157 1897 2212 1948 iu
2241 1895 2448 1948 Borean
2477 1895 2572 1948 fle-

1541 1992 1756 2033 ctantur
1782 1978 2005 2030 carbasa
2042 1975 2250 2048 cymbae
2280 2001 2325 2028 ι».
2356 1975 2572 2028 Confer.

1541 2059 1769 2112 Observ.
1807 2075 1964 2121 meae,
1998 2075 2053 2128 p.
2084 2057 2169 2119 84.
2194 2055 2355 2108 Seue.
2375 2085 2444 2094 —
2464 2059 2576 2106 Flu-

1543 2157 1651 2188 men
1685 2140 1806 2189 Alia:
1829 2137 1964 2187 Ven.
1997 2135 2158 2204 Cusp.
2195 2144 2248 2186 et
2275 2133 2415 2185 vad.
2442 2137 2575 2184 Alex

1543 2216 1687 2267 Pith.
1703 2227 1754 2267 et
1765 2212 1973 2285 reiiqui.
1983 2219 2228 2263 Texerunt
2245 2215 2398 2263 lintea
2407 2213 2572 2283 Cusp-

1547 2293 1687 2347 Vad.
1717 2293 1854 2347 Pith.
1901 2293 2071 2345 Aliam
2103 2293 2460 2365 conjecturam
2475 2294 2579 2363 fle-

1547 2390 1730 2425 xerunt
1755 2374 2004 2426 Friesem.
2026 2372 2273 2446 subjecit,
2298 2390 2415 2443 quae
2441 2372 2578 2425 forte

1547 2473 1578 2507 a
1610 2450 1908 2507 Schradero
1942 2450 2140 2524 petita:
2163 2451 2254 2503 hic
2281 2452 2418 2503 enim
2450 2470 2575 2523 pro-

1549 2534 1652 2586 fert
1696 2533 1752 2584 in
1798 2533 1900 2585 hac
1939 2545 2082 2584 nota.
2117 2530 2250 2583 Mihi
2291 2530 2576 2603 praeplacet

1547 2629 1810 2675 rexerunt,
1835 2623 1888 2664 et
1915 2608 2036 2664 ideo
2067 2612 2124 2663 in
2155 2620 2356 2663 textum
2385 2610 2576 2681 recepi.

1621 2692 1650 2744 5
1665 2696 1740 2745 16.
1773 2695 1902 2743 He'nc
1935 2690 2267 2757 Metapontini
2303 2692 2580 2741 discurrunt

1550 2777 1695 2825 latius
1723 2792 1856 2824 arvo.
1907 2770 2150 2822 Heinsius
2188 2768 2254 2821 ad
2289 2768 2578 2832 Ovidium,

1547 2852 1709 2907 Trist.
1729 2852 1802 2917 V,
1830 2870 1881 2920 7,
1916 2868 1991 2901 vs.
2015 2848 2080 2901 36
2104 2866 2117 2901 :
2143 2852 2413 2899 discut-rem
2436 2846 2577 2901 idem

1549 2932 1826 3001 (Avienus)
1857 2946 1978 2982 cum
2006 2940 2202 2999 quarto
2225 2946 2350 2981 casu
2375 2928 2578 2999 junxit:

1560 3037 1582 3057 ι
1603 3010 1742 3061 Hinc
1775 3006 2123 3077 Metapontini
2158 3004 2465 3059 discurrunt
2500 3007 2578 3060 la-

1550 3090 1651 3141 tius
1685 3106 1812 3141 arva
1840 3114 1885 3139 ι.
1915 3084 2020 3139 Sed
2049 3104 2181 3157 pace
2221 3086 2322 3138 viri
2371 3086 2579 3158 elegan-

1551 3168 1735 3223 tissimi
1767 3166 1989 3220 dixerim
2015 3206 2030 3230 ,
2069 3166 2245 3218 Latini
2276 3164 2463 3218 dicunt
2491 3168 2578 3217 de·

1550 3269 1744 3301 currere
1778 3268 1924 3308 arva,
1961 3258 2021 3298 ut
2051 3246 2241 3298 Noster
2281 3264 2358 3299 vs.
2409 3263 2579 3315 1019:

1555 3356 1577 3375 ε
1606 3329 1832 3401 impiger
1859 3345 2010 3399 agros
2050 3326 2230 3378 Incola
2259 3323 2494 3377 decurrit
2520 3352 2540 3371 -
2563 3345 2578 3390 ς

1552 3424 1605 3463 et
1641 3428 1715 3461 vs.
1749 3407 1919 3461 1300:
1965 3433 1989 3450 ιι
2018 3404 2086 3456 Hi
2129 3424 2453 3478 quamquam
2481 3417 2584 3459 ste-

1551 3490 1674 3543 riles
1727 3486 2010 3541 decurrant
2071 3498 2280 3555 semper
2331 3502 2574 3537 arenas».

1553 3572 1834 3620 Discus-rere
1871 3577 2046 3617 autem
2092 3564 2264 3634 agris,
2304 3564 2481 3616 silvis:
2522 3575 2580 3615 ut

1551 3648 1765 3699 Nemes,
1803 3646 2003 3718 Cyneg.
2041 3662 2112 3696 vs.
2144 3648 2250 3713 69:
2301 3667 2323 3689 ι
2357 3642 2582 3713 totisque

1555 3726 1646 3781 citi
1674 3725 2020 3779 discurrimus
2047 3724 2189 3776 arvis
2215 3740 2267 3783 »;
2296 3735 2347 3775 et
2371 3723 2578 3776 Ecl.1v

1557 3806 1847 3878 (Calpurn.
1871 3805 2013 3875 xl),
2047 3822 2120 3855 vs.
2147 3801 2175 3854 5
2205 3822 2216 3854 τ
2259 3804 2582 3875 “parilisque

1557 3886 1707 3939 furor
1735 3884 1802 3937 de
1826 3884 2033 3956 dispare
2061 3902 2186 3936 sexu
2215 3884 2448 3954 Cogebat
2483 3895 2582 3934 tre-

1555 3964 1714 4039 pidos
1755 3964 1874 4017 totis
1901 3962 2204 4015 discurrere
2235 3963 2383 4015 silvis
2403 3987 2445 4014 n.
2479 3964 2585 4013 lta-

1557 4066 1660 4119 que
1683 4057 1775 4098 aut
1801 4041 2197 4096 emendandum
2219 4044 2484 4093 decurrunt
2507 4044 2586 4092 Ia-

1561 4132 1652 4181 tius
1685 4144 1833 4183 arva,
1869 4136 1960 4176 aut
1988 4125 2262 4176 discurrunt
2292 4125 2437 4174 latius
2466 4140 2584 4173 arvo
