2996 4685
767 396 898 462 DE
955 395 1306 464 AVIENI
1356 397 1561 463 ORA
1611 397 1969 465 MARIT.
2284 397 2425 496 399

292 545 476 595 meos
509 539 574 588 et
605 523 790 590 fateri
825 545 1046 612 cogor,
1084 546 1218 586 non
1251 523 1581 610 antiquius
1622 547 1836 612 neque
1868 524 2192 590 diversum
2230 528 2311 592 ab
2348 551 2429 593 eo

295 627 520 698 codice
552 628 788 710 videri,
821 652 858 694 e
890 651 1024 716 quo
1055 629 1262 716 prima
1301 627 1503 694 editio
1536 629 1815 694 Victoris
1850 631 2067 695 Pisani
2098 633 2261 698 facta
2295 650 2392 698 est
2410 683 2429 716 ‚

293 736 632 806 accessisse
681 751 900 802 autem
941 734 1299 801 doctiorem
1347 735 1679 800 librarium
1697 785 1716 816 ‚
1765 737 1877 824 qui
1924 737 2065 802 loca
2114 740 2429 804 nonnulla

292 842 534 914 rectius
576 842 844 930 legeret,
883 857 996 904 aut
1036 839 1346 905 mendosa
1391 839 1795 905 emendatius
1832 863 1951 929 per
1992 843 2429 922 conjecturam

295 950 624 1018 scriberet.
652 949 934 1012 Textum
951 949 1163 1038 ipsum
1186 948 1360 1011 enim
1394 971 1529 1011 non
1555 948 1752 1020 alium
1769 997 1787 1029 ,
1818 971 1939 1013 nec
1959 948 2427 1040 discrepantem

294 1053 378 1121 ab
409 1052 696 1120 editione
721 1055 967 1118 Veneta
990 1068 1437 1141 reproescntat,
1477 1051 1733 1118 easdem
1764 1054 2023 1119 lacunas
2042 1103 2059 1135 ‚
2093 1072 2158 1119 et
2187 1057 2430 1144 pleras-

297 1181 426 1246 que
445 1159 899 1248 corruptiones
916 1181 1068 1222 eum
1085 1159 1330 1224 Veneta
1353 1179 1733 1222 communes
1753 1147 1979 1241 habet,
2003 1177 2069 1224 et
2087 1161 2140 1224 si
2165 1161 2429 1249 quando

295 1265 626 1336 mendosis
671 1267 742 1329 in
785 1265 944 1331 locis
975 1264 1308 1328 meliorem
1345 1263 1582 1328 lection
1590 1287 1693 1328 em
1737 1264 1989 1330 adferre
2023 1265 2281 1332 videtur
2294 1317 2311 1344 ‚
2359 1291 2433 1332 ea

297 1378 684 1465 plerumque
727 1376 820 1439 sic
859 1391 1226 1464 comparata
1263 1390 1392 1458 est,
1438 1391 1516 1438 ut
1558 1397 1823 1443 manum
1859 1392 1925 1440 et
1960 1377 2432 1441 correctionem

296 1482 750 1572 intelligentis,
793 1504 917 1546 nec
952 1499 1169 1546 tamen
1205 1481 1456 1568 ubique
1487 1481 1757 1544 feliciter
1794 1483 2207 1561 conjectantis
2226 1532 2243 1564 ,
2280 1485 2433 1547 scri-

295 1589 504 1678 ptoris
525 1587 778 1677 prodat.
803 1587 1204 1651 Variationes
1226 1585 1364 1664 ejus
1391 1585 1631 1650 codicis
1654 1586 1723 1648 in
1750 1586 2089 1650 collatione
2108 1589 2341 1652 Ortelia
2350 1611 2431 1651 na

298 1694 637 1782 signantur
678 1693 860 1757 litera
903 1692 984 1774 V,
1027 1715 1158 1779 qua
1205 1690 1386 1778 quod
1431 1713 1671 1754 nomen
1720 1690 2149 1780 significetur,
2201 1717 2429 1782 parum

298 1799 460 1864 mihi
493 1799 720 1884 liquet.
757 1795 1150 1860 Schmderus
1185 1795 1268 1860 ad
1300 1795 1620 1882 Descript.
1653 1795 1811 1858 orb.
1850 1795 2127 1860 subinde
2149 1815 2429 1878 veterem
2542 1834 2547 1840 ·

300 1902 590 1972 codicem
624 1903 748 1966 sub
779 1901 1005 1966 eadem
1043 1917 1198 1965 nota
1231 1899 1519 1990 adlegat,
1555 1923 1771 1987 neque
1806 1901 2080 1994 amplius
2112 1905 2428 1991 exprimit.

299 2008 690 2076 Vossianum
721 2005 1074 2094 aliquando
1108 2005 1398 2071 codicem
1437 2006 1669 2071 Avieni
1698 2005 1945 2070 laudari
1978 2009 2280 2089 memini,
2320 2009 2433 2073 sed

301 2112 656 2180 Vossianus
679 2111 1002 2183 nominari
1019 2133 1156 2174 non
1171 2111 1392 2198 potuit
1408 2111 1474 2172 in
1505 2111 1843 2180 collatione
1866 2112 1947 2175 ab
1972 2113 2221 2177 Ortelio
2250 2115 2432 2178 facta.

302 2217 628 2284 Venetam
651 2215 942 2282 codicem
967 2216 1186 2280 liceret
1203 2215 1561 2305 intelligere
1577 2265 1594 2292 ,
1625 2216 1745 2279 nisi
1771 2217 1965 2297 hujus
1986 2218 2185 2306 ipsius
2207 2219 2435 2284 lectio-

302 2348 417 2391 nes
438 2347 476 2389 a
501 2323 746 2388 Veneta
767 2321 1056 2387 editione
1085 2321 1658 2411 distinguerentur.
1692 2321 2097 2388 Memoratur
2126 2348 2283 2390 vero
2314 2325 2435 2391 alia

299 2432 562 2518 antiqua
601 2430 801 2495 editio
841 2452 946 2492 an.
987 2426 1183 2509 1502,
1215 2428 1330 2491 fol.
1369 2428 1438 2491 in
1480 2425 1711 2492 Indice
1748 2428 2158 2493 Bibliothecae
2204 2432 2433 2497 Franc.

301 2536 666 2617 Barberini,
691 2534 879 2599 card.
898 2534 1043 2597 Vol.
1070 2534 1100 2595 Ι
1116 2582 1134 2614 ,
1162 2556 1226 2621 p.
1251 2556 1334 2618 92
1354 2582 1372 2614 ,
1401 2557 1548 2621 quae
1568 2534 1621 2596 si
1642 2533 1809 2598 forte
1836 2532 1917 2598 ab
1944 2536 2191 2600 Ortelio
2209 2538 2434 2602 collata

305 2656 432 2724 est,
461 2639 884 2728 manuscripti
908 2640 1058 2701 loco
1086 2639 1310 2703 haberi
1343 2640 1575 2727 potuit.
1607 2640 1953 2704 Vaticanus
1986 2665 2064 2706 an
2099 2644 2269 2707 forte
2301 2646 2438 2708 exi·

305 2746 552 2813 stimari
583 2744 846 2825 debeat,
877 2743 1140 2807 videant
1177 2742 1296 2823 ini,
1335 2746 1448 2831 qui
1480 2746 1700 2807 locum
1741 2746 1877 2824 ejus
1918 2762 1985 2809 et
2016 2745 2237 2810 sedem
2268 2750 2441 2811 anti-

305 2876 524 2940 quam,
537 2851 716 2916 unde
729 2850 1060 2939 profectus
1073 2865 1194 2929 est,
1207 2849 1591 2936 investigare
1605 2865 1900 2940 possunt.
1912 2852 2054 2939 Ego
2068 2850 2443 2940 simpliciter

310 2962 595 3025 Veterem
625 2956 916 3023 codicem
948 2954 1292 3045 significari
1321 2955 1579 3043 putavi,
1612 2953 1967 3042 eademque
1998 2958 2181 3021 litera
2214 2958 2283 3021 in
2316 2981 2441 3023 no-

305 3066 510 3131 tando
543 3088 624 3130 eo
651 3066 746 3129 sic
778 3080 949 3143 utor,
985 3078 1062 3127 ut
1095 3062 1435 3130 discretam
1469 3084 1612 3125 eam
1635 3061 1828 3125 velim
1863 3084 1899 3125 a
1936 3079 2087 3127 ncta
2117 3066 2275 3129 Ven.
2313 3090 2443 3153 qua

311 3170 662 3235 editionem
683 3171 996 3235 Venetam
1023 3169 1308 3233 indicare
1333 3167 1530 3233 soleo.
1562 3168 1667 3233 Ob
1696 3192 1991 3258 magnam
2018 3172 2441 3259 manuscripti

314 3276 626 3340 Orteliani
660 3298 810 3338 curn
841 3275 1046 3363 prima
1079 3274 1367 3339 editione
1398 3274 1917 3339 convenientiam
1954 3274 2310 3340 dolendum
2346 3293 2444 3341 est

312 3382 518 3446 fatum
575 3380 879 3469 elegantis
930 3377 1262 3463 carminis,
1317 3380 1496 3469 quod
1551 3404 1683 3449 non
1735 3382 1932 3444 alium
1984 3396 2445 3470 vetustumque

311 3487 560 3553 invenit
593 3486 881 3553 codicem
895 3534 914 3567 ,
953 3510 988 3549 e
1034 3510 1167 3575 quo
1211 3487 1597 3575 locupletius
1638 3504 1703 3556 ct
1738 3486 2085 3575 perfectius
2120 3486 2443 3555 ederetur.

311 3594 560 3659 Habuit
575 3593 730 3658 olim
751 3592 1016 3680 quidem
1035 3594 1162 3665 Jac.
1183 3593 1575 3681 Bongnrsius
1593 3592 1821 3665 Avieni
1845 3592 2046 3657 Oram
2058 3596 2445 3659 marin'mam

311 3700 409 3771 ad
447 3702 940 3787 manuscriptum
983 3691 1312 3786 amplat·
1325 3744 1330 3749 ·
1345 3698 1745 3765 emendatam
1764 3745 1783 3775 ‚
1836 3719 1914 3760 ex
1965 3719 2173 3785 eoque
2226 3700 2447 3766 Varias

315 3805 648 3869 Lectiones
683 3804 903 3869 lonch.
947 3804 1318 3867 Camerario
1359 3801 1601 3867 obtulit
1633 3804 1834 3893 Epist.
1876 3804 2041 3867 CLII
2080 3802 2161 3869 ad
2192 3808 2445 3872 Camer.

311 3934 458 4000 pag.
505 3910 667 3997 374,
710 3909 862 3974 edit.
911 3908 1116 4001 Lugd.
1157 3896 1294 3978 Bat.
1351 3908 1540 3997 1647,
1590 3908 1701 3973 sed
1747 3909 2132 3998 locupletius
2177 3912 2337 3986 illud
2384 3931 2451 3979 et

316 4016 518 4111 magis
547 4016 872 4108 integrum
899 4016 1098 4079 fuisse
1132 4014 1355 4101 editis,
1391 3998 1458 4082 id
1491 4038 1625 4085 non
1663 4014 1992 4097 adfirmem
2026 4039 2241 4104 neque
2268 4019 2450 4083 valde

319 4146 529 4186 errare
561 4146 666 4186 me
702 4138 866 4211 puto
884 4171 901 4205 ,
937 4120 1259 4209 siquidem
1297 4121 1599 4185 eumdem
1632 4121 1873 4185 librum
1904 4122 2341 4203 Ortelianum,
2378 4146 2453 4189 ac
