2996 4685
462 356 600 424 208

1208 353 1290 420 R.
1344 355 1418 419 F.
1472 353 1838 422 AVIENI

556 477 730 548 Ionii
776 477 947 544 freta
991 475 1225 570 glauca
1272 473 1429 560 sali,
1462 475 1848 569 primosque
1889 474 2224 543 Liburnos
2517 499 2594 538 m

555 587 1044 679 Praestringunt
1072 585 1342 680 pelag03
1379 609 1544 679 gens
1577 583 1759 680 Hylli
1797 582 2086 678 plurima
2119 609 2382 654 rursum

554 695 855 768 Accolit:
890 696 999 764 hic
1040 697 1225 765 tenui
1268 694 1465 765 tellus
1507 695 1910 765 discluditur
1953 711 2134 764 aestu.

553 807 773 902 Illyris
808 831 927 876 ora
964 805 1208 876 dehinc
1245 805 1680 876 distenditur:
1720 807 1964 902 hicque
2003 805 2272 901 periclis

555 922 743 1012 Saepe
785 917 1165 986 carinarum
1211 917 1462 986 famosa
1505 917 1838 987 Ceraunia
1883 909 2188 1010 sui-gunt.

552 1034 725 1100 Tum
765 1029 1185 1124 prorepentis
1223 1054 1355 1125 qua
1394 1043 1555 1101 sunt
1590 1027 1758 1097 vada
1805 1027 2046 1098 caerula
2080 1028 2326 1114 Nerei,
2515 1051 2596 1094 ⁵⁴0

561 1141 945 1212 Harmoniae
987 1155 1056 1209 et
1088 1138 1328 1210 Cadmi
1370 1153 1698 1209 sustentat
1740 1137 1930 1232 gleba
1967 1136 2346 1231 sepulcrum

554 1251 890 1320 Barbara:
932 1275 1086 1318 nam
1125 1249 1326 1345 longo
1357 1250 1592 1343 jactati
1635 1249 1873 1343 saepius
1909 1250 2106 1334 orbe,

456 1461 527 1496 τε
547 1440 728 1494 matris
746 1437 987 1490 habenas
1005 1461 1045 1489 -.
1073 1437 1137 1488 Et
1158 1455 1227 1489 ne
1252 1437 1453 1490 haereas
1470 1477 1485 1502 ,

458 1523 526 1575 de
552 1517 732 1593 aquiS,
750 1537 831 1571 vs.
855 1516 956 1571 835
988 1533 1001 1568 ε
1038 1542 1061 1563 ι
1088 1516 1235 1569 sinus
1256 1514 1481 1588 rigidam

374 1617 378 1622 ’
458 1611 722 1672 suspectat
744 1596 933 1650 tertius
952 1597 1151 1649 Arcton
1171 1621 1213 1649 n.
1240 1596 1408 1649 Sena.

529 1679 647 1734 535.
672 1681 955 1746 Primusque
975 1679 1213 1728 Liburnos
1220 1682 1484 1732 Bau-strin-

449 1777 577 1830 gunt
594 1763 775 1827 pelago
786 1779 807 1816 ,·
821 1777 945 1826 gens
958 1757 1113 1822 Hylli,
1142 1764 1241 1808 etc.
1262 1758 1484 1807 Plurima

455 1839 701 1912 exprimit
736 1835 977 1908 Dionysii
1008 1834 1155 1901 χθόνα.
1179 1838 1360 1886 πᾶσαν.
1397 1835 1480 1889 Cf.

454 1939 532 1972 vs.
557 1919 682 1984 463,
713 1916 845 1969 1332
864 1935 878 1980 ;
897 1915 993 1968 Or:
1010 1934 1143 1967 mar.
1166 1921 1287 1979 440.
1314 1915 1481 1968 Cate-

450 2019 572 2052 rum
600 1997 777 2049 nescio
804 2013 875 2046 an
900 2011 999 2066 pro
1026 1997 1161 2058 Hyai
1176 1993 1345 2066 legam
1365 1999 1481 2062 Hyl—

452 2080 551 2130 lam
571 2076 652 2129 vel
669 2079 847 2142 Bylles.
868 2073 1032 2126 scen.
1044 2076 1483 2141 —Praesm'ngunt

452 2159 615 2229 Cusp.
634 2153 775 2208 Pith.
798 2149 965 2204 Huds.
989 2156 1324 2220 Perstringunt
1343 2150 1479 2204 vad.

450 2235 659 2290 Deinde
695 2234 920 2304 vulgata
947 2229 1282 2303 distinguunt
1324 2257 1346 2279 ι
1368 2233 1478 2304 pri-

452 2334 671 2387 mosque
728 2309 993 2364 Liburnos
1057 2310 1479 2382 praestringunt3

453 2396 646 2468 pelago
684 2409 812 2466 gens
852 2388 997 2461 Hylli
1034 2373 1296 2463 plur-inin,
1332 2401 1430 2442 etc.
1456 2415 1481 2436 ιι

452 2474 558 2528 Sed
588 2470 909 2528 Schraderus
937 2469 1307 2541 interpungere
1332 2468 1485 2542 jubet

453 2566 573 2627 post
609 2557 793 2621 pelago
808 2589 823 2611 ,
870 2560 1011 2601 recte
1034 2546 1048 2601 ἑ
1094 2548 1223 2619 quia
1256 2549 1483 2601 latinum

453 2652 565 2686 non
612 2643 692 2683 est
709 2670 724 2697 ,
753 2631 936 2699 pelago
983 2631 1228 2688 accolere,
1267 2638 1321 2680 et
1349 2646 1485 2696 μνω-

453 2715 687 2780 stringere
736 2709 845 2761 fere
900 2721 1023 2758 cum
1076 2706 1304 2760 ablativo
1354 2726 1483 2761 con-

451 2791 691 2844 struitur.
1154 2808 1164 2813 ··

530 2870 647 2941 537.
662 2867 851 2921 Omisit
869 2865 923 2917 h.
940 2863 975 2916 l.
990 2864 1224 2919 Avienus
1244 2866 1484 2939 Dionysii

458 2952 726 3021 Βουλιμέων
755 2948 912 3013 ἀκτὰς
926 2992 943 3017 ‚
978 2964 1030 2997 v.
1047 2946 1167 3017 387.
1186 2946 1306 2998 Istis
1323 2964 1479 3000 vero:

461 3056 488 3076 ι-
516 3028 661 3083 tenui
704 3026 857 3079 tellus
905 3024 1221 3081 discluditur
1264 3038 1389 3078 aestu
1417 3051 1439 3072 ι.
1465 3067 1481 3091 ‚

455 3108 761 3181 designatur
793 3110 1095 3182 Χεῤῥόνησος
1128 3108 1349 3179 μεγάλη,
1390 3125 1484 3178 pe-

457 3188 681 3243 ninsula.
728 3185 862 3241 Inde
904 3184 1187 3260 legendum
1232 3184 1443 3239 videtur
1466 3205 1480 3239 ε

459 3296 482 3317 «ι
506 3282 555 3323 et
574 3266 720 3321 tenui
738 3268 891 3320 tellus
905 3266 1221 3320 discluditur
1238 3264 1483 3328 isthmo»,

460 3348 541 3402 vel
568 3346 771 3399 «tenuis
784 3346 941 3400 tellus
962 3344 1281 3399 discluditur
1298 3356 1481 3397 oestuu:

462 3424 911 3499 quemadmodum
945 3426 1141 3479 dicitur
1171 3422 1327 3477 Ovid.
1358 3424 1483 3477 Her.

462 3506 562 3571 IV,
583 3508 679 3557 106
698 3542 714 3566 ‚
742 3516 793 3556 et
816 3529 839 3551 ι
859 3504 1069 3577 gracilis
1087 3504 1316 3556 Isthmos
1334 3528 1356 3549 ι
1382 3504 1486 3556 Lu-

462 3602 614 3648 cano,
632 3584 678 3648 1,
704 3602 794 3635 101
807 3624 820 3635 .
841 3584 1027 3637 Haereo
1046 3596 1241 3655 tumen,
1259 3601 1327 3634 an
1347 3587 1486 3634 tellus

462 3666 675 3716 discludi
695 3662 919 3729 dicatur,
940 3664 973 3715 i.
996 3682 1045 3716 e.
1067 3662 1390 3733 separari‚ut
1404 3665 1487 3714 tel·

466 3749 607 3795 Iures.
648 3741 805 3796 ovid.
846 3744 1006 3795 -Uno
1048 3744 1259 3796 tellures
1297 3742 1488 3795 dividit

466 3842 620 3876 amne
633 3822 766 3874 duas
780 3847 823 3875 ιο.
846 3822 1001 3875 Forte
1017 3824 1176 3894 igitur=
1195 3826 1486 3878 discluditur

465 3914 771 3973 corruptum
786 3913 877 3955 est.
891 3901 1051 3955 Scan.
1070 3906 1221 3953 Tenui
1234 3906 1372 3953 tellus
1392 3906 1484 3954 dis-

466 3984 679 4033 cluditur
710 3994 845 4031 cesus.
866 3980 1193 4033 Describitur
1227 3982 1449 4035 isthmus
1468 4024 1483 4046 ,

468 4078 625 4131 quem
678 4058 915 4131 adjacere
958 4059 1271 4133 Hylleorum
1332 4073 1485 4115 terrae

468 4138 647 4191 scribit
666 4138 880 4210 Dionys.
904 4160 981 4192 vs.
1004 4140 1135 4193 385:
1170 4150 1489 4211 quapropter

1571 1441 1724 1505 Hylle's
1751 1442 2015 1506 peninsula
2055 1437 2224 1490 Plinio
2248 1474 2264 1500 ,
2309 1440 2592 1510 χἰῥρόνησος

1571 1518 1846 1590 Stephano
1869 1517 2082 1571 dieitur.
2115 1517 2182 1571 Et
2209 1518 2427 1570 fortasse
2446 1514 2594 1588 apud

1571 1598 1824 1651 Nostrum
1867 1596 2149 1669 legendum
2191 1609 2272 1650 est
2309 1599 2600 1649 discluditur

1569 1679 1744 1728 isthmo
1761 1699 1780 1730 .·
1802 1677 2074 1750 quomodo
2098 1691 2151 1729 et
2179 1675 2391 1749 conjicit
2406 1673 2597 1728 Schra-

1567 1754 1752 1808 derue.-

1639 1835 1758 1904 539.
1795 1841 2007 1887 Famosa
2037 1837 2281 1886 Ceraunia
2294 1875 2308 1896 ,
2332 1846 2392 1887 ut
2409 1833 2593 1887 Horat.

1566 1914 1743 1968 Carm-
1763 1915 1790 1966 1
1805 1953 1820 1978 ,
1851 1915 1880 1968 3
1903 1955 1918 1980 ,
1945 1933 2011 1967 so
2033 1933 2044 1966 :
2073 1913 2332 1968 «infames
2349 1914 2596 1986 scopulos

1565 1993 1956 2047 Acroceraunia
1979 2013 2028 2059 -3
2061 2004 2112 2046 et
2131 1995 2334 2060 Lucan.
2353 1993 2547 2058 v,-652
2577 2011 2592 2043 :

1565 2099 1587 2121 ι
1611 2074 1888 2146 scopulosa
1907 2073 2171 2127 Ceraunia
2189 2084 2363 2126 nauta
2378 2072 2594 2126 Summa

1564 2155 1752 2205 timent
1779 2177 1822 2202 -.

1640 2231 1762 2295 540.
1809 2237 1942 2282 Tunc
1974 2234 2300 2299 prorepeneis.
2333 2230 2562 2284 Praefero
2579 2271 2594 2295 ,

1565 2330 1675 2365 non
1711 2317 1965 2383 sequente
2005 2311 2211 2373 vocali,
2245 2316 2400 2373 Τιυη,
2447 2309 2594 2385 quod

1565 2390 1725 2444 habet
1755 2394 1818 2443 A.
1857 2391 2028 2444 Miror
2067 2402 2244 2443 autem
2284 2408 2590 2463 perversum

1566 2468 1810 2523 Hudsoni
1833 2470 2098 2544 judicium
2115 2508 2130 2534 ,
2153 2469 2246 2543 qui
2271 2474 2592 2523 Harmoniam

1567 2553 1795 2603 mutavit
1814 2552 1870 2603 in
1885 2556 2198 2605 Hermionen.
2219 2552 2444 2605 Centum
2462 2551 2593 2605 locis

1569 2634 1834 2683 Harmonie
1858 2643 2110 2701 corrupte
2137 2643 2354 2684 vocatur
2373 2633 2591 2682 Hermio·

1566 2731 1650 2772 ne,
1682 2711 1776 2763 ubi
1801 2710 1901 2763 viri
1928 2708 2071 2763 docti
2097 2723 2438 2763 correxerunt
2459 2716 2593 2762 Har-

1569 2794 1747 2843 menie.
1781 2790 1938 2843 Conf.
1972 2790 2153 2842 Burm.
2186 2787 2254 2843 nd
2282 2789 2498 2843 Authol.
2526 2792 2553 2842 1
2573 2832 2590 2855 ‚

1568 2888 1691 2941 pag.
1736 2868 1819 2932 54.
1861 2870 2024 2923 Sena.
2055 2900 2126 2908 —-
2152 2874 2271 2919 Tum
2286 2872 2592 2937 pror-epenth-

1568 2968 1666 3020 pro
1705 2954 1862 3009 Tame,
1908 2946 2178 3020 quomodo
2217 2960 2270 3001 et
2319 2966 2477 3021 supra
2515 2967 2591 3001 vs.

1570 3028 1700 3093 502,
1736 3025 2078 3081 correximus.
2143 3088 2152 3102 .

1643 3108 1766 3170 541.
1819 3112 2064 3158 Smtentae
2109 3110 2258 3175 gleba
2305 3110 2591 3174 sepulcrum.

1569 3185 1756 3239 Cadmi
1787 3198 1839 3239 et
1866 3186 2168 3239 Harmoniae
2195 3185 2422 3259 sepu'leri
2443 3202 2590 3238 men-

1569 3267 1764 3319 tionem
1803 3266 2088 3339 Dionysius
2119 3266 2228 3318 huc
2264 3266 2592 3319 transtulisse

1567 3346 1777 3399 videtur
1793 3363 1855 3397 ex
1876 3346 2122 3415 Apollon.
2141 3342 2318 3397 Rhod.
2341 3346 2444 3405 Iv,
2466 3344 2589 3416 517.

1567 3426 1635 3478 Et
1662 3426 1898 3478 fabulam
1921 3423 1990 3478 de
2016 3421 2202 3477 Cadmi
2223 3435 2273 3476 et
2292 3422 2591 3477 Harmonia

1569 3504 1708 3558 inter
1725 3505 1967 3579 Illyricos
1993 3498 2322 3557 habitatione
2352 3504 2593 3575 inprimis

1524 3586 1534 3593 '
1573 3586 1894 3638 celebratam
1925 3584 1996 3637 ab
2022 3582 2392 3637 Alexnndrinis
2425 3583 2594 3657 poetis

1575 3682 1686 3716 esse
1706 3702 1722 3725 ,
1759 3662 1852 3736 qui
1876 3666 1990 3737 ejus
2026 3662 2282 3715 memoria
2319 3662 2589 3735 Illyricum

1573 3745 1794 3798 omnino
1829 3754 2014 3797 nome
2045 3742 2242 3805 solent,
2267 3742 2472 3795 monuit
2499 3746 2595 3795 n'u·

1572 3843 1670 3895 per
1689 3822 1902 3875 doctiss.
1919 3822 2282 3876 Schoeneman.
2297 3822 2551 3876 Commen
2559 3833 2593 3872 t.

1573 3902 1641 3956 de
1658 3902 1850 3975 Geogr.
1871 3904 2064 3973 Argon.
2084 3921 2135 3974 p.
2159 3900 2594 3972 57.W.——-Gleba

1575 3986 1817 4037 barbara.-
1837 3978 1955 4033 vide
1977 3993 2155 4034 notata
2177 4000 2336 4053 supra
2357 4001 2408 4033 v.
2437 3988 2560 4052 477.

1647 4063 1763 4124 542.
1783 4066 1966 4129 Saepins
1984 4081 2084 4135 pro
2105 4064 2190 4113 diu
2209 4062 2395 4135 accipit
2411 4062 2482 4113 Ba
2491 4061 2591 4115 rth.

1575 4140 1640 4193 ad
1663 4142 1790 4194 Stat.
1813 4142 2073 4197 Thebaid.
2098 4142 2152 4194 II
2172 4182 2187 4206 ,
2215 4160 2333 4211 291,
2361 4155 2410 4195 et
2427 4140 2592 4192 alium
