2996 4685
876 380 1287 448 ARATEA
1344 380 2060 455 PHAENOMENA.
2389 384 2516 479 571

510 506 695 574 Urit:
732 503 891 572 huic
936 502 1173 572 rutilos
1214 505 1265 573 si
1302 502 1402 573 sol
1438 502 1782 573 adflexerit
1815 530 2003 593 axeS,

509 616 821 701 Quantus
850 613 1243 708 corporibus
1261 668 1280 700 ‚
1311 628 1602 708 quantus
1633 612 1822 683 labor
1849 615 2152 685 imminet
2182 616 2390 711 agris!
2457 643 2532 695 ⁷³⁵

506 725 909 793 Marcebunt
944 736 1085 793 sata
1121 710 1363 794 cuncta
1397 723 1514 792 diu
1535 749 1554 809 3
1575 748 1865 818 namque
1907 726 2133 821 indiga
2167 727 2342 797 succi

508 835 577 903 Si
619 860 751 929 qua
781 834 1041 928 jacent,
1074 833 1323 903 cedunt
1355 833 1579 903 valido
1616 848 1959 928 penetrata
1991 835 2228 923 calori,
2275 857 2281 863 ·

502 946 602 1012 Ac
642 945 1071 1014 decoctorum
1109 944 1524 1039 languebunt
1558 945 1861 1039 germina
1902 945 2170 1015 florum.

509 1052 629 1123 Illa
662 1070 921 1143 autem,
954 1054 1217 1123 interno
1254 1079 1401 1148 quae
1432 1069 1590 1123 sunt
1624 1055 1915 1124 animata
1947 1056 2217 1151 vigore,

500 1164 711 1235 Sirius
747 1163 1044 1251 adtollit,
1083 1164 1502 1260 blandusque
1539 1164 1839 1235 illabitur
1875 1166 2142 1253 herbam,
2461 1198 2538 1246 740

496 1274 705 1345 Sirius
745 1290 811 1344 et
844 1275 1025 1344 dulci
1063 1277 1278 1345 nutrit
1314 1275 1644 1373 tepefacta
1684 1299 1940 1346 sereno,

505 1387 705 1453 Hunc
738 1384 921 1454 hunc
956 1386 1325 1454 flammanti
1366 1386 1578 1480 quuin
1623 1388 1914 1481 primum
1939 1388 2165 1456 'vibrat
2199 1389 2284 1457 ab
2327 1402 2510 1475 ortu,

504 1494 797 1565 Auribus
831 1510 1031 1590 atque
1065 1497 1291 1564 animo
1333 1497 1634 1591 capimus
1671 1496 1942 1590 procul3
1976 1496 2183 1566 altera
2217 1500 2270 1565 si
2309 1522 2441 1592 qua

504 1604 863 1676 Stellarum
902 1606 1165 1700 fulgent
1200 1606 1400 1677 rutila
1426 1660 1445 1694 ,
1482 1622 1562 1677 ut
1601 1632 1750 1702 quae
1782 1608 2068 1702 plurima
2113 1607 2315 1703 longo

505 1716 730 1788 Bellua
759 1718 886 1787 fert
928 1716 1157 1803 lateri,
1191 1743 1407 1813 neque
1443 1717 1655 1789 multa
1696 1719 1842 1789 luce
1878 1737 2264 1805 coruscant,
2466 1746 2542 1796 7⁴⁵

502 1831 590 1897 Et
630 1827 1068 1922 designandis.
1096 1843 1361 1898 tantum
1399 1844 1558 1898 sunt
1592 1828 1818 1898 addita
1855 1829 2190 1899 membris.

1335 2000 1622 2047 LEPUS.

600 2110 927 2183 Parvulus
946 2112 1015 2181 in
1038 2110 1243 2181 stellis
1260 2114 1481 2206 Lepus
1498 2128 1600 2183 est
1615 2138 1882 2208 quoque
1896 2140 1916 2201 ;
1929 2138 2218 2209 namque
2237 2116 2352 2185 ubi
2373 2140 2652 2210 magnus

500 2224 763 2292 Emicat
798 2224 1017 2293 Orion
1050 2224 1312 2317 gemina
1347 2222 1433 2291 ad
1464 2224 1738 2319 vestigia
1772 2225 2000 2294 subter

499 2337 797 2431 Urgetur
834 2358 1035 2404 cursu
1073 2332 1255 2404 rutili
1293 2334 1526 2423 Canis3
1569 2333 1678 2405 ille
1714 2361 1836 2430 per
1867 2335 2140 2406 aethram

492 2446 751 2540 Effugit
788 2446 1185 2533 instantem,
1216 2449 1464 2541 premit
1501 2449 1696 2542 igneo
1732 2448 1945 2517 Sirius
1981 2473 2120 2517 ore.
2455 2468 2528 2520 7⁵0

500 2556 817 2626 Auritum
859 2556 1092 2651 primis
1131 2556 1375 2624 emittit
1413 2581 1654 2652 gurges
1691 2557 1775 2626 ab
1815 2558 2049 2642 undis;

492 2663 613 2734 Ille
646 2666 875 2735 minax
908 2663 1227 2759 pavidum
1264 2665 1709 2760 supereditur,
1744 2682 1812 2735 et
1849 2667 2085 2760 procul
2127 2668 2298 2735 idem

499 2777 731 2865 Quum
768 2779 991 2869 Lepus
1025 2772 1383 2842 occiduum
1422 2799 1566 2842 sese
1612 2774 1956 2845 inclinavit
1987 2777 2056 2843 in
2089 2801 2338 2868 aequor,

496 2890 691 2957 More
731 2886 1135 2956 latebrarum
1174 2900 1482 2978 repetens
1522 2885 1718 2970 freta,
1761 2886 1972 2956 Sirius
2007 2884 2141 2953 alto

495 3000 749 3069 Dessuit
789 2999 873 3066 ab
912 2996 1105 3084 caelo,
1138 3014 1562 3090 mersumque
1605 3020 1723 3091 per
1763 2994 2040 3064 humida
2076 2998 2330 3090 quaerit.
2451 3022 2529 3076 7⁵⁵

1338 3171 1590 3219 ARGO.

592 3286 882 3378 Magnus
916 3285 1249 3355 Iasoniam
1286 3284 1500 3354 cauda
1538 3285 1739 3355 Canis
1777 3283 2064 3352 extrahit
2092 3288 2274 3378 Argo

426 3485 435 3492 ·
468 3459 588 3530 738.
636 3463 957 3528 languebunt
971 3463 1407 3532 germinaflomen.
1504 3457 1694 3511 Grotii.
1716 3457 1931 3528 Vulgo:
1953 3481 1977 3501 ι-
1991 3455 2158 3508 altera
2196 3455 2366 3526 siqua
2387 3453 2526 3507 stel-

400 3539 499 3592 Ed.
531 3537 651 3591 Ald.
682 3542 903 3608 gemina.
929 3539 1229 3612 Pei-peram.
1504 3539 1680 3592 larum
1711 3537 1944 3609 fulgent,
1999 3535 2220 3588 rutilant
2253 3553 2372 3605 qua
2411 3533 2530 3605 plu-

468 3627 589 3689 74⁰·
624 3621 774 3670 Sirius
802 3623 1011 3672 adtollit.
1038 3619 1180 3673 Male
1215 3619 1407 3690 vulgo:
1501 3619 1638 3670 rima
1661 3655 1677 3681 ,
1713 3617 1859 3688 longi
1897 3615 2074 3669 Bellua
2133 3616 2237 3668 fert
2277 3614 2455 3667 lateris
2479 3641 2522 3666 ἰ.

397 3725 421 3744 ιι
439 3699 483 3752 si
510 3699 659 3771 prius
686 3697 893 3752 adtollit
910 3725 951 3751 ι.
987 3699 1299 3770 Legendum
1336 3702 1413 3750 St·
1506 3695 1603 3750 Ed.
1643 3695 1763 3749 Ald.
1806 3696 1993 3749 vitione
2030 3697 2254 3764 fidcent.
2313 3695 2530 3748 Dubitat

397 3780 515 3830 tius.
562 3777 726 3832 Vocis
764 3778 924 3851 hujus
972 3779 1239 3850 repetitio,
1298 3797 1416 3851 qun
1509 3789 1685 3834 tamen
1705 3775 1924 3829 Grotius
1945 3817 1960 3842 ,
1985 3795 2054 3829 an
2073 3776 2232 3831 Canis
2251 3791 2393 3828 recte
2411 3776 2528 3828 Bel-

396 3877 554 3912 versu
590 3860 833 3932 sequenti
873 3871 981 3924 est,
1019 3871 1077 3912 ut
1110 3870 1193 3911 ter
1220 3876 1381 3931 supra
1403 3898 1418 3924 ,
1510 3856 1598 3909 lua
1629 3853 1850 3909 dicatur.
1877 3856 2130 3929 Propinat
2165 3856 2346 3927 itaque
2372 3855 2526 3907 etiam

398 3957 629 3992 errorem
648 3937 892 4009 praebuit.
1511 3937 1784 3990 lectionem
1807 3936 1976 3990 hanc:
2003 3963 2024 3984 ι
2045 3935 2190 4008 longi
2209 3935 2407 4006 Regula
2427 3935 2528 3986 fert

468 4018 595 4085 743,
621 4025 741 4086 744.
772 4022 944 4069 Altera
971 4021 1015 4066 si
1039 4035 1139 4084 qua
1167 4021 1419 4068 Stellamm
1513 4017 1690 4070 lateris
1716 4041 1756 4066 ι.
1835 4059 1848 4066 .

382 4099 589 4166 fulgent
614 4101 755 4148 rutila
775 4136 789 4156 ,
816 4111 867 4148 ut
894 4115 1007 4164 quoe
1022 4098 1240 4164 plurima
1270 4101 1417 4164 longo
1581 4096 1698 4167 750.
1741 4101 1918 4149 Prende
1958 4101 2096 4166 igneo
2135 4098 2284 4146 Sirius
2319 4113 2413 4143 ore.
2449 4093 2526 4144 lta

398 4181 571 4230 Bellica
600 4179 711 4246 sere
752 4181 915 4238 laceri,
950 4196 1007 4229 ex
1048 4175 1419 4230 emendatione
1509 4179 1698 4248 legitur
1715 4177 1922 4231 inMsto
1941 4171 2534 4234 GermaniciGrotiano,
