2996 4685
747 367 1371 436 DESCRIPTIO
1420 367 1554 434 OR
1573 367 1730 434 BIS
1779 365 2162 434 TERRAE.

2386 391 2523 463 207

485 495 565 560 In
605 490 806 584 jubar
832 493 1050 558 Eoum
1097 513 1361 558 rursum
1410 511 1480 555 se
1523 488 1746 580 pervia
1793 487 2068 556 flectunt

488 603 811 694 AEquora‚
845 614 907 666 et
942 600 1282 693 Assyrium
1325 584 1707 692 suspec'tant
1745 599 2008 668 eminus
2045 623 2233 666 axem

350 801 357 806 ’
464 789 583 844 533.
610 796 667 841 In
681 793 841 859 jubar
860 795 1037 843 Eoum.
1052 791 1249 842 Veram
1274 790 1415 842 hanc

388 869 667 923 lectionem
703 869 930 922 servavit
954 869 1023 921 V.
1052 867 1417 940 Coi-ruptionis

390 965 569 1001 caussa
594 948 761 1001 fuerat
787 953 817 1000 b
836 949 891 1001 in
920 969 959 1000 -υ
976 950 1413 1018 mutata-vav&

396 1053 415 1073 ι
440 1041 639 1099 spectat
657 1028 1006 1084 Achaemeniae
1030 1028 1165 1084 lucis
1185 1028 1349 1100 jubar
1370 1052 1413 1080 ιι.

390 1107 495 1160 Pro
524 1121 779 1180 corrupto
808 1129 958 1178 caper
975 1112 1068 1160 ‘m'a
1089 1127 1211 1165 cum
1237 1106 1416 1180 Higtio

388 1187 615 1240 emendo
637 1194 847 1250 cce-reela,
886 1207 1109 1260 eamque
1136 1188 1413 1241 lectionem

390 1279 697 1338 recepturus
722 1286 837 1320 sum
868 1269 925 1320 in
948 1278 1273 1332 contextum,
1289 1267 1417 1340 quia

391 1346 659 1399 literarum
717 1345 965 1399 ductibus
1022 1347 1267 1417 congruit
1288 1387 1303 1412 ,
1365 1359 1417 1399 et

392 1426 579 1480 Avieni
632 1426 1017 1483 consuetudine
1064 1425 1308 1480 firmatur
1352 1445 1415 1482 ac

387 1507 661 1578 probatur.
690 1505 815 1559 vid.
841 1525 923 1560 vs.
952 1525 1050 1560 120
1070 1546 1087 1572 ,
1136 1505 1236 1558 186
1256 1546 1271 1574 ‚
1311 1508 1414 1578 773

386 1597 438 1642 et
466 1586 605 1640 653:
644 1612 671 1632 οι
694 1586 831 1641 Ionii
855 1585 900 1639 si
920 1585 1040 1658 quis
1062 1596 1175 1638 rate
1199 1604 1418 1642 cursum

387 1666 581 1720 caerula
620 1676 803 1718 currat
839 1669 1078 1737 AEquora
1108 1705 1123 1728 ‚
1176 1677 1228 1717 et
1277 1665 1419 1719 Eoos

388 1745 633 1816 cymbam
668 1743 929 1815 producat
958 1742 1013 1794 in
1043 1755 1191 1795 ortus
1215 1767 1238 1788 ι
1259 1781 1275 1806 ,
1326 1743 1420 1797 ubi

389 1825 503 1896 ipsa
534 1827 645 1880 fere
671 1824 837 1878 verba
862 1823 1043 1879 hahes.
1071 1822 1266 1876 Similis
1294 1823 1419 1877 item

388 1902 639 1958 transitus
664 1902 932 1957 invenitur
958 1921 1010 1952 ν.
1039 1899 1138 1953 562
1162 1919 1174 1952 :
1195 1927 1221 1946 u
1238 1901 1421 1956 Insula

388 1999 446 2034 se
492 2000 706 2036 rursum
752 1979 963 2051 Pelopis
1007 1980 1299 2033 visentibus
1346 1980 1423 2034 of-

392 2061 494 2116 fert
514 2083 573 2128 ··.
609 2059 771 2114 Scan.
790 2090 858 2099 —
880 2058 1069 2112 Totius
1108 2077 1291 2114 versus
1315 2077 1329 2112 τ
1359 2066 1421 2111 1η

378 2142 538 2207 jubar
561 2143 745 2197 Eoum,
770 2150 869 2190 etc.
890 2156 1011 2191 cum
1040 2157 1185 2210 seqq.
1202 2138 1293 2191 hic
1313 2157 1423 2195 sen·

388 2236 479 2272 sus
498 2229 608 2272 est:
631 2216 739 2269 Ubi
758 2234 971 2288 aequora
990 2229 1112 2270 sunt
1126 2220 1329 2286 pervia,
1368 2230 1419 2270 et

388 2297 445 2349 in
480 2296 696 2349 intimos
718 2295 866 2349 siuns
900 2295 1067 2349 Italia
1105 2308 1417 2368 penetrant,

387 2395 599 2429 rursum
625 2380 905 2447 sestecemec
928 2373 985 2426 in
1004 2375 1299 2442 Orientem,
1321 2376 1417 2429 ubi

390 2456 517 2508 litus
531 2454 811 2527 Illyricum
832 2494 849 2517 ‚
874 2466 925 2507 et
946 2450 1109 2527 pritni
1128 2468 1418 2509 occurrunt

387 2533 629 2587 Liburni.
646 2532 745 2586 W.
776 2564 849 2573 —
876 2531 1107 2585 Pithoeus
1131 2535 1415 2607 corruptis·

386 2612 519 2665 sime
540 2630 555 2665 ε
581 2638 607 2657 α
628 2612 691 2663 In
722 2610 905 2665 vuiar'
927 2612 1099 2665 Eoum
1124 2631 1336 2665 rursum
1361 2633 1417 2668 se

384 2709 549 2763 caper
572 2692 659 2745 via
687 2690 965 2745 flectunt».
1009 2692 1206 2743 Veram
1232 2692 1416 2745 lectio-

388 2788 511 2823 nem
547 2782 906 2823 monstrarunt
934 2770 1067 2822 Ven.
1105 2770 1325 2842 Cuspin.
1363 2785 1415 2825 et

388 2847 521 2902 vad.
549 2876 571 2896 ι
596 2850 661 2901 In
684 2850 847 2921 jubar
862 2848 1036 2901 Eoum
1059 2867 1277 2905 rursum
1308 2872 1412 2923 qua

388 2928 567 2999 pervia
593 2928 817 2984 flentum
836 2953 879 2982 υ.
905 2930 1013 2982 Ubi
1042 2942 1219 2983 tamen
1242 2929 1412 2983 elimi-

386 3006 624 3061 nandum
653 3006 864 3061 videnu-
890 3030 1009 3077 qua,
1042 3010 1161 3082 quia
1188 3028 1414 3081 sequen-

387 3086 458 3141 tia
497 3087 551 3140 id
586 3100 843 3160 respuunt
860 3126 877 3152 ,
904 3100 955 3142 et
983 3087 1265 3161 legendum
1285 3128 1301 3154 ,
1338 3088 1416 3141 uti

386 3166 675 3221 Hudsonus
702 3186 730 3221 e
757 3169 1057 3239 coniectura
1084 3166 1260 3221 dedit:
1296 3194 1321 3213 α
1350 3170 1413 3221 In

385 3246 543 3318 jubar
578 3246 751 3299 Eoum
786 3265 999 3299 rursum
1036 3266 1091 3299 se
1116 3246 1297 3319 pervia
1317 3245 1411 3301 fle-

388 3336 537 3379 ctunt
560 3329 793 3395 AEquora
813 3323 975 3379 ..Sed
1004 3326 1225 3378 alterum
1255 3326 1415 3379 hemi-

388 3403 630 3458 stichium
659 3403 803 3457 varie
836 3402 1163 3459 sollicitatur.
1189 3406 1287 3459 Vir
1314 3404 1413 3459 do-

389 3496 537 3547 ctus,
578 3481 685 3537 sive
718 3482 1066 3551 Schrader-us,
1098 3486 1208 3538 sive
1246 3484 1413 3548 alius,

386 3562 453 3617 ad
500 3583 647 3616 oram
696 3562 821 3617 edit.
851 3562 1050 3635 Trogo.
1087 3578 1192 3617 tres
1232 3566 1413 3636 conje-

386 3655 561 3697 cturas
599 3642 810 3697 notavit
832 3662 845 3697 :
887 3670 911 3689 κ
940 3642 1001 3695 In
1036 3644 1199 3717 jubar
1243 3644 1413 3695 Eoum

386 3741 599 3775 rursum
632 3742 688 3775 se
719 3720 930 3795 turgida
958 3722 1174 3777 flectunt
1192 3718 1243 3792 »ς’
1268 3724 1413 3777 conf.

386 3820 463 3855 vs.
481 3809 603 3871 474,
632 3804 734 3873 879
755 3815 803 3858 et
831 3820 851 3855 1
866 3802 994 3868 1553
1016 3802 1141 3857 item
1161 3830 1185 3849 α
1200 3822 1413 3857 rursum

387 3898 490 3951 qua
518 3899 573 3933 se
594 3900 721 3951 vaga
751 3882 966 3935 flectunt
989 3884 1223 3955 AEquora
1246 3909 1271 3927 ε·
1286 3921 1301 3947 ,
1320 3896 1415 3935 aut

389 3985 413 4003 α
434 3957 562 4011 freta
606 3957 780 4029 pervia
818 3958 1037 4013 flectunt
1056 3987 1103 4014 ».
1134 3961 1219 4015 sic
1252 3959 1411 4013 ovid.

389 4038 548 4108 Epist.
572 4036 733 4104 xlx,
770 4058 897 4107 109,
928 4052 977 4092 et
1000 4041 1299 4106 Devonius,
1324 4040 1413 4093 lib.

387 4116 460 4181 V,
480 4136 529 4169 v.
557 4135 655 4183 109
674 4158 690 4182 ,
720 4143 745 4162 κ
762 4119 945 4187 pervia
970 4119 1161 4173 caerula
1183 4146 1226 4172 n.
1249 4118 1413 4172 Porro

1507 787 1854 862 Oudendorp.
1871 788 1928 840 in
1945 788 2165 842 ObserV.
2187 789 2333 841 misc.
2354 789 2508 841 νοΙΝ
2521 829 2536 854 ,

1507 879 1544 920 t.
1567 867 1650 933 II,
1678 887 1734 940 p.
1760 871 1886 934 166,
1905 869 2124 942 conjicit
2142 888 2194 919 se
2213 873 2528 939 crisptslaste·

1505 961 1672 1008 ceum,
1713 959 1805 1001 ant
1843 967 2056 1010 cernua,
2108 948 2162 1000 id
2210 961 2286 1000 est
2302 989 2318 1014 ,
2341 969 2528 1016 prona.

1505 1025 1619 1098 Ego
1637 1045 1766 1080 vero
1785 1046 1892 1082 non
1912 1029 2081 1080 ausim
2107 1028 2334 1100 aliquam
2361 1048 2420 1080 ex
2449 1029 2534 1081 his

1506 1107 1754 1177 praeferre
1781 1105 2022 1170 lectioni,
2049 1126 2213 1178 quam
2245 1106 2534 1161 Hndsonus

1505 1183 1666 1238 dedit.
1691 1217 1764 1224 —
1781 1189 1958 1238 Petve'a
1983 1185 2334 1240 confirmatur
2361 1207 2441 1258 ep.
2471 1189 2532 1240 13

1502 1263 1596 1316 lib.
1613 1265 1638 1316 1
1656 1263 1871 1316 Anthol.
1893 1265 2145 1318 Burman.
2167 1278 2218 1319 et
2242 1266 2319 1318 sic
2337 1271 2532 1334 pervius

1508 1347 1729 1394 Oceanus
1747 1343 1802 1395 in
1821 1343 1989 1415 epigr.
2019 1344 2159 1397 Pith.
2191 1344 2283 1399 lib.
2317 1347 2374 1412 Ι,
2408 1367 2531 1418 pag.

1505 1424 1594 1488 61,
1619 1435 1672 1475 et
1693 1426 1925 1490 impervia
1953 1428 2092 1475 tellus
2109 1461 2128 1488 ,
2151 1423 2281 1478 ibid.
2306 1445 2388 1500 ep.
2417 1445 2530 1500 seq.

1505 1512 1559 1554 et
1587 1526 1609 1548 ι
1632 1500 1919 1555 Corinthus
1945 1502 2128 1573 pervia
2155 1505 2294 1558 facta
2312 1530 2334 1552 n
2359 1505 2450 1559 lib.
2473 1508 2498 1557 1
2515 1547 2533 1574 ‚

1505 1599 1556 1653 p.
1583 1582 1667 1636 32.
1697 1583 1764 1634 Et
1787 1581 2118 1654 Pomponius
2136 1584 2275 1636 Mela
2295 1623 2312 1650 ,
2336 1585 2428 1638 lib.
2445 1587 2499 1638 11
2519 1626 2535 1651 ‚

1505 1681 1625 1734 cap.
1663 1680 1720 1714 2:
1771 1661 1984 1716 «Athos
2017 1681 2172 1716 mons
2207 1683 2238 1716 a
2275 1666 2526 1720 Xerxe...

1507 1743 1774 1816 perfossus
1794 1781 1809 1806 ‚
1834 1781 1848 1794 .
1865 1781 1878 1794 .
1895 1779 1908 1792 .
1948 1743 2118 1796 factus
2155 1744 2290 1798 freto
2327 1747 2538 1818 naviga-

1507 1821 1603 1874 bili
1627 1820 1840 1892 pervius
1855 1847 1897 1870 n.
1920 1821 2021 1874 En.

1583 1899 1706 1963 534.
1726 1905 1795 1950 Ee
1813 1903 2060 1968 Assyrium
2077 1917 2374 1968 ”aspectam-
2393 1903 2536 1956 oud.

1512 1980 1565 2030 in
1585 1979 1712 2032 Obs.
1733 1979 1882 2048 Misc.
1898 1978 2086 2042 vol.V,
2109 1998 2160 2051 p.
2180 1983 2301 2052 167,
2323 1983 2538 2056 conjicit

1509 2060 1734 2126 Illyrium
1763 2076 1862 2130 pro
1894 2060 2162 2124 Assyrium.
2209 2059 2324 2130 Ego
2356 2062 2540 2134 vulga-

1508 2148 1624 2190 tum
1665 2156 1836 2190 servo.
1875 2137 2009 2190 Nam
2042 2156 2342 2215 synonyma
2381 2155 2501 2194 sunt
2523 2162 2538 2196 ε

1511 2242 1532 2262 ι
1552 2217 1614 2268 In
1635 2217 1796 2288 Jubar
1826 2217 1998 2268 Eoum
2025 2255 2040 2268 .
2062 2254 2075 2266 .
2097 2253 2110 2266 .
2153 2237 2208 2269 sc
2235 2219 2426 2272 caerula
2451 2219 2539 2274 fle-

1507 2305 1658 2348 ctunt
1686 2319 1708 2340 ι
1734 2332 1750 2359 ,
1793 2307 1844 2349 et
1876 2295 2191 2369 «Assyrium
2235 2311 2539 2371 suspectant

1506 2374 1711 2427 eminus
1744 2394 1894 2429 axem
1925 2376 2063 2429 Ionii
2097 2377 2229 2429 freta
2257 2378 2440 2449 glauca
2467 2401 2542 2435 sa-

1505 2454 1544 2507 li
1564 2479 1604 2505 n.
1653 2454 1720 2507 Et
1755 2454 2020 2509 simillima
2050 2456 2244 2526 passim
2271 2460 2501 2531 reperias
2521 2501 2536 2523 ,

1505 2547 1565 2585 ut
1593 2552 1672 2587 vs.
1702 2553 1803 2605 77²
1827 2554 1840 2587 ι
1883 2541 1909 2581 α·
1927 2530 2342 2607 'Contemplator
2375 2540 2500 2593 item
2520 2579 2536 2605 ‚

1503 2632 1612 2685 qua
1651 2632 1708 2665 se
1752 2633 1899 2667 mare
1937 2612 2107 2667 tendit
2151 2616 2209 2667 in
2253 2618 2502 2671 Austrum
2519 2658 2535 2684 ,

1505 2694 1676 2766 Inque
1701 2694 1906 2749 Notum
1936 2696 2182 2749 Oceanus
2215 2698 2348 2750 freta
2385 2701 2538 2771 ponti

1505 2774 1697 2825 caerula
1723 2785 1912 2827 curvat
1932 2800 1973 2826 κ.
2002 2774 2157 2827 Freta
2181 2788 2358 2829 autem
2379 2800 2535 2848 suspe-

1503 2866 1641 2903 ctare
1671 2850 1922 2905 dicuntur
1951 2872 2105 2907 axem
2126 2854 2400 2927 Assyrium
2421 2896 2436 2919 ,
2475 2873 2534 2911 ut

1503 2950 1581 2984 vs.
1601 2938 1722 3003 471.
1741 2930 1956 3003 Europa
1977 2948 2164 2999 spectac
2191 2934 2536 2989 Achaemeniae

1501 3010 1637 3064 lucis
1657 3011 1838 3084 jubar.
1863 3011 1930 3066 Et
1953 3012 2028 3065 sic
2060 3025 2248 3067 «ortus
2268 3016 2537 3071 Achaeme-

1504 3090 1625 3143 nius
1649 3114 1672 3136 υ
1705 3092 1799 3143 Or.
1838 3092 2010 3143 marit.
2049 3112 2124 3144 vs.
2160 3092 2286 3165 657.
2325 3096 2378 3148 Si
2415 3099 2533 3147 luds

1503 3168 1832 3223 Aelia-menide
1839 3174 2011 3239 jubar,
2049 3183 2100 3223 et
2121 3187 2257 3224 ortus
2280 3176 2534 3224 Aelia-me-

1507 3252 1614 3300 πίω
1641 3246 1747 3303 dici
1771 3265 1974 3323 queunt
1997 3288 2013 3313 ‚
2037 3249 2111 3303 sic
2129 3250 2285 3304 etiam
2308 3256 2421 3303 axis
2443 3260 2538 3303 As-

1502 3334 1658 3395 syrius
1680 3328 1920 3395 adhiberi
1945 3342 2118 3402 potest
2164 3330 2232 3382 ad
2262 3330 2532 3384 Orientem

1504 3407 1870 3464 indicandum.
1909 3409 2134 3479 Assyriae
2169 3407 2307 3461 enim
2337 3429 2534 3483 nomen

1503 3488 1607 3541 late
1647 3486 2129 3553 extenditur-,adeo
2171 3501 2231 3541 ut
2275 3486 2446 3543 Persis
2481 3506 2532 3545 et

1504 3566 1683 3619 Media
1708 3584 1766 3617 ea
1794 3566 2187 3630 contineantur,
2209 3581 2369 3642 atque
2399 3570 2533 3625 adeo

1505 3644 1657 3699 lndia
1675 3684 1691 3710 ,
1732 3643 1776 3696 si
1822 3644 2141 3699 Glareanum
2191 3648 2372 3701 audias
2395 3690 2412 3719 ,
2465 3650 2533 3704 ad

1503 3724 1838 3779 Lucan.V111
1859 3762 1874 3788 ,
1899 3727 2126 3796 289-294
2148 3744 2160 3777 τ
2190 3728 2406 3795 -Quare
2427 3732 2534 3804 agi·

1504 3818 1581 3867 te,
1609 3803 1776 3855 Eoum
1800 3844 1815 3869 ,
1835 3804 2084 3869 comites,
2108 3826 2448 3879 properemus
2475 3812 2530 3863 in

1505 3884 1686 3937 orbem
1701 3922 1712 3933 .
1736 3920 1749 3933 .
1771 3884 2149 3958 .Oceanusque
2167 3906 2292 3943 suus
2307 3915 2346 3941 „,
2371 3890 2532 3941 Favet

1505 3964 1718 4015 tandem
1757 3978 2052 4032 suspectant.
2125 3966 2211 4019 Sic
2262 3968 2403 4021 enim
2461 3968 2530 4021 de

1505 4042 1819 4107 Memnone,
1855 4062 1930 4096 vs.
1955 4044 2084 4098 368:
2111 4072 2134 4089 u
2157 4044 2406 4100 Memnon
2435 4048 2527 4100 ubi

1501 4120 1794 4175 Tithoneus
1825 4121 2096 4193 suspectat
2141 4144 2319 4179 roseas
2357 4128 2529 4178 Auro-
