2996 4685
483 348 618 419 308

1246 338 1325 402 R.
1382 334 1453 399 F.
1511 330 1862 397 AVIENI

679 472 822 539 Nec
860 464 1081 531 minus
1117 458 1226 527 hic
1252 451 1543 548 Tripolis
1581 453 1814 545 pingui
1846 451 1985 522 sola
2019 454 2305 549 porrigit
2330 478 2535 549 agi-03

579 577 1022 666 Orthosisque.
1056 570 1300 639 dehinc
1333 561 1723 635 adtollitur:
1754 562 1863 631 hic
1888 564 2239 632 Marathus
2274 579 2422 633 stat.
2518 588 2621 639 ¹075

579 689 830 761 Litoris
865 699 1161 753 extremo
1197 692 1399 773 caput
1437 672 1589 741 altis
1628 674 1927 743 turribus
1967 674 2160 743 effert

489 878 725 934 Tanqrras
771 884 884 918 esse
921 862 1158 923 videtur,
1199 870 1300 929 aut.
1338 856 1507 907 Leonis
1598 850 1865 905 volumus.
1882 852 2447 923 Wd.—Jugerafundic
2457 852 2622 922 Cusp.

487 950 701 1001 fluvius:
766 960 1092 1017 quamquam
1157 956 1281 991 eum

1363 932 1512 1004 sequi
1600 945 1651 983 et
1680 928 1822 984 vad.
1866 932 1959 986 sed
2002 931 2113 985 sine
2143 930 2311 985 dubio
2334 931 2522 985 melius
2548 942 2623 983 est

486 1028 752 1091 videntur,
770 1022 961 1078 Cellar.
988 1034 1025 1073 t.
1063 1020 1119 1072 11
1158 1018 1350 1089 Geogr.
1373 1016 1475 1067 380
1493 1050 1511 1073 ,
1582 1006 1775 1082 findit,
1812 1012 1959 1085 quod
1986 1014 2125 1065 Pith.
2146 1024 2199 1065 et
2222 1024 2498 1083 sequentes
2535 1011 2627 1063 de-

490 1122 542 1160 et
575 1102 806 1159 Reland.
855 1104 909 1154 in
951 1100 1152 1153 Palaest.
1195 1118 1246 1171 p.
1297 1097 1425 1164 437,
1459 1094 1513 1145 8.
1603 1092 1829 1156 derunt,
1877 1091 2152 1165 quomodo
2178 1092 2307 1146 alias
2343 1092 2531 1145 Noster
2557 1091 2627 1143 de

491 1187 628 1241 Mihi
665 1182 875 1237 videtur
915 1199 1026 1235 esse
1049 1182 1220 1239 Ande,
1247 1197 1310 1228 ou
1345 1180 1398 1227 la
1424 1180 1517 1225 Fu·
1602 1171 1777 1224 fluviis
1797 1175 1971 1225 incidie
1988 1192 2043 1225 v.
2070 1172 2171 1225 536
2190 1191 2206 1236 ;
2226 1174 2415 1225 dissicit
2429 1190 2475 1223 v.
2496 1172 2629 1239 9²⁵3

491 1271 655 1319 mibi-e.
675 1262 758 1317 Ad
777 1260 1080 1335 opinionem
1105 1276 1220 1311 eam
1249 1254 1517 1308 stabilien-

1606 1256 1865 1304 incersecaae
1900 1272 1947 1306 v.
1993 1260 2130 1323 94o;
2174 1266 2229 1307 et
2282 1270 2405 1303 mox
2456 1252 2633 1301 scindit

493 1348 618 1401 dam
645 1345 852 1417 legatur
895 1346 968 1391 La
997 1344 1192 1407 noque,
1227 1343 1430 1403 Vosage
1457 1336 1521 1383 de
1608 1352 1661 1385 v.
1690 1352 1841 1403 ¹09²·

489 1428 624 1491 Syrie
648 1438 698 1475 ec
722 1425 789 1473 du
815 1434 951 1471 mom
973 1420 1128 1471 Liban
1146 1456 1161 1478 ,
1191 1435 1244 1488 p.
1277 1430 1405 1480 229,
1427 1412 1523 1482 qui

1687 1422 1837 1485 1074.
1882 1416 2061 1481 Pingui
2100 1418 2209 1465 sola
2250 1416 2465 1482 pon-igit
2510 1429 2632 1479 agro

492 1502 765 1557 manifeste
787 1498 1063 1569 disstinglfit
1089 1497 1229 1548 inter
1253 1496 1398 1545 Nahr
1417 1496 1526 1541 Da·
1612 1512 1795 1546 omnes
1817 1491 1939 1546 edd,
1961 1505 2083 1544 vett,
2102 1492 2387 1561 gedpingui
2406 1513 2458 1543 50
2474 1496 2636 1559 Porri..

491 1605 611 1644 mer,
656 1581 753 1671 3²¹3
771 1580 1030 1632 Veterum
1049 1576 1314 1647 Tamyras
1343 1582 1450 1637 est,
1471 1582 1529 1621 et
1611 1578 1688 1641 gie
1710 1572 1957 1625 Friesem.
1986 1569 2176 1635 edidit,
2196 1572 2375 1628 nescio
2409 1590 2511 1643 qua
2540 1588 2636 1623 au-

495 1664 694 1716 flumen
726 1664 894 1718 Ande,
923 1657 1140 1710 Francis
1184 1660 1237 1707 Ia
1277 1653 1492 1705 Fumiere
1508 1689 1523 1709 ,

495 1744 564 1796 ab
604 1739 790 1793 Italico
831 1740 1011 1790 Fiume.
1051 1736 1215 1787 Scan.
1230 1764 1302 1774 -—
1317 1734 1396 1784 De
1433 1732 1532 1781 Bo·

497 1838 674 1878 streno
697 1838 804 1883 non
823 1817 964 1871 nihil
991 1819 1103 1889 ipse
1133 1814 1238 1868 dixi
1267 1812 1338 1866 ad
1361 1810 1533 1864 Prisc.

497 1926 551 1957 v.
604 1901 723 1956 855.
770 1897 1021 1969 Suspicor
1063 1896 1381 1951 Bostrenum
1435 1890 1533 1942 flu·

501 1985 650 2036 vium
692 1979 896 2032 dictum
940 1976 1022 2029 vel
1069 1974 1294 2028 ductum
1344 1991 1458 2025 esse
1506 1988 1537 2020 a

506 2066 668 2133 Botry
698 2060 858 2124 urbe,
885 2055 1056 2127 Byblo
1095 2053 1268 2106 vicina
1287 2090 1302 2116 ,
1339 2068 1540 2103 memo-

506 2156 620 2195 rata
643 2160 673 2192 a
701 2137 902 2199 Plinio,
926 2134 992 2197 V,
1017 2152 1080 2186 10
1095 2174 1110 2199 ,
1128 2152 1288 2203 quam
1318 2131 1507 2203 Strabo
1526 2166 1539 2191 ,

509 2220 647 2273 XVI
663 2236 738 2287 ,p-
753 2215 876 2286 755,
893 2220 1065 2264 Bostra
1079 2210 1142 2263 ad
1151 2210 1327 2284 pellat.
1341 2210 1545 2274 Quam·

515 2315 678 2370 quam
699 2295 839 2347 enim
861 2292 1047 2344 vitiosa
1070 2290 1188 2341 haec
1213 2289 1371 2341 lectio
1397 2286 1546 2360 apud

517 2378 830 2431 Strabonem
872 2389 984 2423 esse
1020 2369 1290 2443 judicatur
1328 2387 1425 2438 pro
1459 2368 1545 2420 Βό-

523 2475 684 2526 στρυς,
724 2471 827 2522 ego
875 2465 1054 2503 tamen
1103 2467 1201 2522 pro
1254 2448 1422 2500 altero
1463 2447 1548 2500 vel

524 2535 728 2587 variato
765 2530 982 2584 nomine
1008 2526 1244 2599 ejusdem
1273 2527 1418 2578 urbis
1451 2525 1550 2578 ha-

525 2617 652 2668 bere
681 2612 881 2664 malim.
907 2609 975 2660 Et
997 2627 1161 2682 quum
1191 2607 1370 2660 multae
1396 2608 1555 2660 urbes

529 2695 598 2747 ad
625 2693 752 2746 ostia
773 2689 1052 2742 fluminum
1071 2687 1251 2759 positae
1272 2704 1557 2757 commune

531 2792 655 2826 cum
673 2772 796 2842 ipsis
813 2787 1011 2822 nomen
1029 2767 1318 2820 habuerint
1333 2808 1348 2833 ‚
1367 2785 1554 2838 quem·

535 2850 830 2906 admodum
890 2866 1012 2902 cum
1069 2853 1277 2898 Leontos
1330 2843 1530 2917 oppido
1546 2885 1561 2910 ,

538 2930 780 3004 ejusdem
819 2927 1010 2999 Syrio,
1036 2945 1064 2978 a
1094 2926 1268 2978 Plinio
1302 2926 1340 2978 l.
1369 2944 1417 2978 c.
1450 2943 1561 2976 me-

543 3021 751 3062 morato
765 3047 778 3072 ,
799 3007 1000 3059 factum
1023 3017 1102 3057 est
1117 3045 1134 3072 ‚
1150 3023 1250 3076 pro
1267 3023 1376 3076 quo
1391 3003 1565 3056 Ptole-

543 3107 707 3142 maeus
766 3087 960 3142 Λέοντος
1020 3083 1237 3135 fluvium
1294 3082 1533 3135 nominat
1549 3121 1565 3145 ‚

545 3171 670 3222 hinc
681 3167 996 3219 Bostrenum
1005 3163 1164 3215 etiam
1179 3161 1404 3214 fluvium
1413 3162 1570 3228 fuisse

545 3259 708 3320 puto,
734 3249 824 3318 qui
869 3245 1087 3296 Botrum
1135 3243 1322 3295 urbem
1369 3241 1538 3294 adluit
1554 3283 1568 3307 ,

545 3343 884 3400 quocumque
901 3321 1115 3375 demum
1131 3319 1349 3373 nomine
1367 3321 1436 3373 ab
1452 3321 1571 3374 aliis

547 3409 612 3458 sit
639 3405 955 3477 adpellatus.
987 3403 1171 3472 Neque
1198 3401 1366 3453 obstat
1384 3442 1398 3465 ,
1426 3399 1576 3473 quod

551 3484 834 3557 Dionysius
859 3482 987 3534 dicit
1007 3480 1262 3535 Sidonem
1281 3479 1352 3533 ad
1369 3481 1576 3533 Bostre-

551 3583 682 3616 num
707 3563 761 3616 fl.
786 3562 1034 3616 habitari.
1059 3561 1194 3614 Nam
1223 3559 1310 3612 hic
1337 3559 1453 3612 laxe
1478 3558 1575 3612 ad-

551 3642 772 3694 modum
801 3640 933 3693 fines
959 3653 1009 3692 et
1032 3639 1278 3712 regiones
1295 3638 1547 3692 describit
1560 3679 1575 3704 ,

553 3734 602 3773 et
625 3723 766 3792 ipsas
777 3719 934 3770 urbes
945 3718 1218 3771 Phoenices
1230 3722 1372 3791 justo
1393 3717 1579 3772 ordine

557 3819 664 3852 non
677 3810 966 3850 enumerat.
977 3795 1226 3850 Sidonem
1239 3809 1380 3850 certe
1393 3810 1581 3850 contra

557 3879 798 3930 ordinem
819 3877 872 3927 in
893 3875 1111 3946 reliquis
1130 3877 1462 3930 observatum
1487 3898 1581 3931 no·

555 3957 775 4008 minavit
785 3965 924 4027 ;post
935 3955 1164 4026 reliquas
1181 3973 1308 4008 vero
1317 3996 1331 4016 ‚
1345 3955 1575 4030 Tyrum,

561 4039 810 4107 Berytum
829 4075 844 4099 ,
864 4033 1092 4104 Byblum
1109 4074 1123 4096 ,
1141 4051 1325 4086 versus
1351 4037 1583 4107 Septem·

559 4116 784 4168 trionem
812 4113 1054 4184 proxima
1083 4123 1158 4165 est
1187 4111 1403 4180 Botrus,
1420 4133 1582 4186 quam

1617 1652 1874 1704 ctoritate.

1698 1734 1847 1802 ¹075·
1877 1736 2210 1801 Orthosisque.
2242 1730 2328 1803 Sic
2357 1729 2641 1803 legendum

1622 1824 1702 1865 est
1728 1829 1853 1865 cum
1873 1811 2007 1864 aliis.
2025 1813 2091 1863 In
2112 1810 2240 1864 edit.
2265 1810 2431 1864 Huds.
2456 1822 2645 1863 notan-

1624 1892 1752 1963 dum
1764 1903 1841 1945 est
1850 1891 2045 1944 vitium
2056 1906 2265 1964 typogr.
2278 1892 2461 1961 Neque
2480 1889 2619 1942 enim
2628 1926 2645 1948 ,

1626 1970 1772 2042 quod
1810 1971 1885 2023 ibi
1924 1969 2138 2031 dicitur,
2172 1970 2447 2022 Pithoeana
2490 1968 2649 2019 habet

1628 2053 1821 2103 Orrosis
1836 2090 1851 2112 ,
1876 2048 1970 2104 sed
1990 2052 2194 2102 Onosis.
2213 2049 2339 2102 Vid.
2357 2066 2507 2102 num.
2532 2047 2651 2098 Pel·

1628 2131 1777 2183 lerin.
1826 2142 1950 2183 tom.
1985 2131 2043 2182 11
2060 2169 2075 2193 ,
2098 2150 2149 2202 p.
2174 2148 2294 2201 ²¹7·
2322 2130 2653 2183 Setun-Or-

1629 2213 1846 2278 tasisque
1862 2211 1996 2263 Ven.
2025 2213 2309 2278 Onosis-que
2326 2210 2487 2281 Cusp.
2508 2214 2659 2260 Areo-

1631 2294 1795 2359 sisque
1815 2288 1951 2344 vad.
1978 2292 2293 2360 Orthosisque
2319 2288 2491 2342 Huds.
2511 2286 2657 2361 quod

1631 2381 1850 2424 rectum.

1714 2452 1862 2520 1076.
1890 2453 2059 2502 Litoris
2092 2453 2303 2502 extremi
2338 2449 2499 2521 Cusp.
2522 2446 2660 2500 vad.

1638 2531 1811 2582 Litoris
1832 2545 2051 2582 extremo
2069 2529 2211 2583 Pith.
2248 2544 2300 2583 et
2327 2528 2491 2581 Huds.
2517 2530 2664 2598 effert

1640 2628 1740 2681 pro
1759 2609 1907 2678 essere
1924 2609 2125 2662 habere
2147 2611 2211 2662 A.
2234 2619 2417 2663 monet
2436 2605 2662 2661 Schrad.

1643 2685 1735 2740 sed
1764 2688 1954 2743 merito
1980 2688 2175 2761 rejicit,
2208 2690 2402 2743 collato
2432 2688 2528 2741 illo
2544 2685 2669 2738 Vir-

1646 2766 1844 2838 giliano
1887 2768 2012 2820 satis
2056 2779 2215 2821 noto:
2260 2796 2285 2814 α
2304 2769 2507 2821 Verum
2552 2767 2687 2820 haec‘

1646 2856 1851 2899 tantum
1904 2847 2034 2900 alias
2085 2848 2221 2902 inter
2274 2861 2436 2922 caput
2483 2845 2671 2900 extulit

1651 2928 1809 2978 urbes
1827 2929 2100 2996 ·.—Caput
2124 2931 2237 2981 altis
2262 2932 2468 2980 turribus
2502 2928 2667 2996 ffrt.

1654 3005 1741 3058 six
1766 3022 1887 3056 mox
1906 3025 1957 3057 v.
1988 3009 2119 3062 1086
2159 3006 2227 3061 de
2265 3008 2456 3060 Emeso
2478 3025 2492 3059 ε
2514 3007 2675 3060 «snb-

1656 3085 1699 3136 it
1726 3101 1878 3137 auras
1898 3085 2163 3140 Turribus
2190 3087 2249 3140 in
2278 3089 2467 3141 caelum
2506 3085 2678 3139 niten-

1658 3164 1799 3217 tibus
1816 3161 1863 3218 ί.
1890 3165 2073 3219 videri
2104 3177 2273 3240 potest
2297 3168 2531 3222 Avienus
2572 3167 2677 3218 hoc

1658 3244 1887 3314 elogium
1936 3245 2212 3300 Laodiceae
2256 3236 2321 3300 ex
2366 3237 2574 3320 ingenio
2626 3261 2677 3301 et

1661 3323 1917 3376 arbitratu
1949 3323 2250 3392 addidisse,
2280 3345 2454 3398 neque
2478 3327 2681 3400 Diony-

1662 3403 1798 3456 sium
1819 3417 2101 3475 sequutus,
2126 3405 2219 3476 qui
2243 3425 2319 3458 vs.
2346 3406 2446 3474 915
2474 3418 2679 3459 tantum

1666 3481 1795 3534 dicit
1835 3484 1989 3536 sitam
2032 3502 2143 3536 esse
2183 3483 2253 3537 ad
2298 3485 2449 3539 litora
2485 3486 2680 3552 maris,

1665 3563 1696 3618 ἢ
1736 3566 1892 3616 κεῖται
1932 3565 2009 3614 ἐπ’
2048 3564 2250 3619 'dicineo-v.
2288 3567 2539 3626 θαλάσσης.
2580 3564 2685 3618 Sed

1668 3661 1842 3696 revera
1878 3645 2107 3697 Avienus
2166 3644 2438 3717 descripsit
2499 3647 2685 3699 urbem

1668 3723 2006 3789 maritimam,
2037 3725 2211 3795 qualis
2276 3726 2521 3797 inprimis
2578 3735 2689 3778 erat

1670 3802 1934 3857 Laodicea
1972 3805 2164 3876 Syriae‚
2190 3805 2534 3877 scriptoribus
2564 3811 2690 3856 Lao·

1670 3887 1812 3934 dic-ea.
1842 3887 1915 3934 ad
1952 3905 2117 3947 mare,
2141 3897 2194 3937 et
2214 3886 2272 3938 in
2295 3885 2525 3937 nummis
2559 3882 2689 3936 adeo

1670 3965 1786 4034 πρὸς
1830 3963 2069 4016 θάλασσαν
2113 3964 2269 4019 dicta.
2305 3967 2440 4018 Nam
2482 3963 2691 4016 urbium

1670 4043 2048 4098 maritimarum
2062 4082 2079 4108 ‚
2099 4058 2261 4117 portu
2287 4057 2338 4098 et
2361 4042 2695 4114 navigatione

1672 4122 1985 4188 celebrium,
2010 4125 2112 4178 hoc
2136 4125 2409 4197 proprium
2443 4123 2545 4175 fuit
2566 4119 2695 4173 anti-
