2996 4685
553 323 644 397 82
977 327 1112 396 DE
1174 321 1444 395 RUFO
1506 321 1814 394 FESTO
1880 321 2271 393 AleNo

549 546 692 611 vn.
741 545 894 610 LIL.
933 545 1186 612 GREG.
1223 545 1712 629 GYRAIJDUS,
1757 544 1841 608 de
1882 544 2135 610 Poeter.
2178 545 2341 610 nist.
2376 545 2536 610 Dial.
2570 549 2695 630 lv,

967 669 1150 716 tom
1185 652 1244 715 11
1277 674 1458 740 oper.
1488 651 1643 714 edit.
1676 651 1733 716 J.
1764 651 1995 732 lensii,
2028 673 2093 739 p.
2124 650 2272 738 257.

638 845 872 909 Ruffus
923 847 1152 909 Festus
1205 843 1494 928 Avienus
1544 843 1613 905 in
1664 842 1949 930 antiquis
2004 843 2338 908 codicibus
2388 845 2697 918 Abidnus,

550 950 810 1032 dicitur,
844 967 911 1015 et
947 950 1014 1014 in
1051 949 1254 1013 Servii
1299 950 1488 1013 etiam
1538 949 2039 1014 commentariis.
2088 949 2212 1012 Hic
2243 948 2324 1013 ab
2360 951 2691 1038 aliquibus

551 1057 874 1146 Hispanus
909 1072 1006 1120 est
1039 1055 1473 1135 existimatus;
1507 1075 1633 1143 ego
1664 1069 1841 1118 certe
1870 1055 2037 1118 nihil
2060 1055 2305 1134 habeo,
2334 1075 2467 1144 quo
2492 1057 2687 1120 vobis

542 1162 620 1226 id
673 1163 1012 1227 adfirmare
1063 1162 1327 1250 possim.
1389 1161 1514 1225 Hic
1566 1161 1863 1249 Dionysii
1917 1160 2145 1225 Punici
2199 1161 2279 1225 de
2334 1165 2455 1226 situ
2502 1163 2691 1227 Orbis

539 1282 770 1335 v'ersus
809 1282 886 1332 ex
925 1267 1162 1332 Graecis
1199 1267 1462 1332 latinos
1504 1266 1686 1348 fecit,
1740 1266 1895 1330 item
1942 1268 2169 1332 Arate:
2212 1268 2685 1348 Phaenomena‚

548 1373 729 1464 quod
756 1389 1110 1463 utrumque
1137 1393 1305 1462 opus
1332 1389 1540 1437 exstat
1561 1373 1847 1437 carmine
1876 1374 2251 1440 hexametro·
2288 1391 2685 1464 expressum.

547 1483 632 1547 Et
656 1497 890 1571 praeter
913 1482 1054 1546 haec
1096 1481 1175 1544 de
1203 1480 1350 1544 Oris
1379 1481 1711 1544 maritimis
1738 1480 1979 1543 librum
2013 1479 2217 1545 edidit
2251 1481 2539 1544 carmine
2564 1482 2689 1544 tri-

544 1600 756 1654 metro
782 1589 1091 1669 iambico,
1119 1585 1202 1650 ad
1242 1587 1535 1650 Probum
1558 1635 1577 1668 ,
1626 1587 1839 1650 virum
1882 1587 2326 1668 consularem,
2368 1585 2453 1650 ad
2484 1603 2685 1675 quem

541 1695 734 1758 etiam
781 1693 874 1759 Gi.
915 1691 1311 1758 Claudianus
1360 1692 1636 1780 scripsit.
1682 1692 1837 1774 Quo
1881 1703 2269 1781 argumento
2322 1692 2560 1773 ducor,
2608 1709 2687 1757 ut

540 1802 858 1866 Avienum
885 1799 1258 1881 Claudiani,
1286 1799 1415 1863 hoc
1449 1807 1575 1881 est,
1600 1785 1952 1863 Theodosii
1984 1799 2395 1887 imperatoris
2432 1811 2496 1864 et
2526 1797 2691 1864 filio-

541 1926 688 1971 rum
722 1905 1127 1995 temporibus
1161 1902 1455 1968 floruisse
1481 1901 1739 1968 endam
1761 1953 1777 1980 ,
1813 1902 1883 1966 id
1915 1903 2094 1992 quod
2128 1917 2194 1966 et
2225 1902 2415 1968 facile
2450 1904 2683 1968 Hiero-

541 2015 722 2102 nymi
750 2014 965 2078 verbis
991 2012 1327 2076 adstruere
1355 2017 1746 2099 possumus,
1780 2010 1894 2098 q‘ui
1928 2009 2215 2098 quodam
2247 2024 2513 2074 sitarum
2544 2009 2684 2098 epi-

542 2117 858 2182 stolarum
889 2117 1036 2182 loco
1072 2139 1286 2204 nuper
1317 2117 1506 2180 illum
1544 2117 1873 2204 scripsisse
1908 2115 2087 2180 dicit.
2133 2116 2263 2181 Alii
2298 2117 2681 2184 Diocletiani

541 2223 802 2288 Caesaris
821 2271 843 2304 ,
887 2235 1025 2287 non
1064 2223 1213 2286 satis
1247 2221 1435 2286 firmo
1454 2271 1472 2299 ‚
1522 2237 1598 2286 ut
1640 2222 1803 2286 mihi
1850 2222 2116 2312 quidem
2160 2221 2445 2305 videtur,
2486 2245 2680 2312 argu-

543 2333 801 2410 ment03
837 2329 942 2392 alii
986 2341 1343 2416 utrumque
1387 2327 1829 2392 inconfessum
1847 2376 1868 2410 ,
1912 2346 2226 2417 parumve
2270 2345 2679 2418 compertum

547 2454 685 2500 esse
713 2436 968 2499 volunt.
1005 2434 1264 2499 Servius
1309 2433 1785 2499 Grammaticus
1822 2436 2145 2499 Avienum
2180 2435 2269 2499 ait
2298 2436 2677 2526 virgilianus

543 2536 821 2622 fabulas»,
858 2558 924 2605 et
957 2540 1209 2604 Livium
1237 2539 1529 2604 iambicis
1560 2541 1853 2605 versibus
1886 2539 2317 2628 descripsisse.
2344 2540 2543 2623 Sunt,
2564 2542 2677 2629 qui

543 2650 724 2712 hunc
755 2648 968 2737 ipsum
1003 2648 1322 2713 Avienum
1354 2670 1492 2713 esse
1529 2663 1800 2737 putent,
1848 2671 2046 2737 quem
2083 2650 2381 2713 Aurelius
2420 2650 2677 2715 Macro-

545 2750 690 2817 bius
739 2754 802 2818 in
860 2752 1178 2819 saturnal.
1235 2752 1433 2818 coenis
1495 2754 1877 2842 loquentem
1926 2753 2204 2819 induxit.
2264 2754 2674 2843 Utcumque,

546 2857 891 2926 tolerabilis
921 2874 1018 2941 est
1048 2874 1240 2949 poeta
1257 2907 1275 2942 ,
1309 2872 1374 2924 et
1404 2858 1640 2949 dignus
1658 2908 1678 2941 ,
1722 2859 1947 2923 saltem
1980 2858 2071 2923 ob
2102 2870 2322 2924 rei-‘um
2354 2860 2675 2949 cognitio-

547 2978 736 3047 nem,
763 2981 840 3028 ut
871 2960 1217 3052 aliquando
1250 2964 1521 3053 legatur.
1560 2962 1687 3028 Sed
1728 2986 1810 3028 ne
1857 2963 2017 3051 quid
2050 2986 2087 3028 a
2124 2986 2229 3029 me
2266 2964 2673 3046 desideretis,

545 3086 750 3135 exstat
793 3086 859 3134 et
901 3067 1158 3134 libellus
1189 3068 1272 3133 ad
1303 3068 1749 3133 Theodosium
1788 3070 2288 3157 imperatorem,
2320 3071 2546 3153 hujus,
2602 3088 2675 3135 ut

544 3192 831 3265 putatur,
861 3175 1126 3256 Avieni,
1159 3174 1286 3238 nisi
1314 3196 1433 3238 nos
1467 3174 1629 3237 fallit
1662 3173 2032 3263 inscriptio,
2064 3175 2131 3238 in
2165 3199 2300 3264 quo
2331 3178 2675 3266 plerosque

547 3282 774 3371 AEoopi
804 3282 1112 3372 apologos
1143 3282 1328 3369 elego
1359 3280 1645 3345 carmine
1680 3282 2053 3371 complexus
2080 3298 2179 3347 est
2192 3331 2211 3365 ,
2244 3284 2361 3372 qui
2398 3306 2483 3348 an
2518 3283 2675 3373 legi-

548 3390 742 3452 timus
773 3389 858 3453 sit
875 3436 896 3470 ,
941 3388 1079 3453 no'n
1111 3388 1396 3453 multum
1437 3408 1579 3451 esse
1626 3387 1907 3475 pretium
1952 3410 2193 3477 operae,
2238 3406 2317 3453 ut
2353 3389 2671 3476 disquira-

551 3514 731 3573 mus,
764 3494 1094 3571 existimo,
1119 3509 1239 3558 etc.

547 3682 724 3745 vlu.
769 3682 1098 3745 rE'rsz
1131 3682 1582 3763 PrmoEUs,
1604 3683 1693 3771 ,jn
1728 3681 2067 3762 Emendat.
2102 3684 2167 3747 in
2202 3638 2506 3750 Pdemata
2543 3702 2667 3749 vet.

1225 3808 1368 3878 pag.
1396 3787 1547 3877 597,
1574 3786 1729 3853 edit.
1756 3788 1960 3877 Lugd.

635 3966 908 4030 Videtur
931 3967 1208 4031 Avienus
1242 3968 1409 4033 idem
1443 3992 1706 4058 operam
1741 3971 2035 4059 posuisse
2062 3972 2127 4034 in
2168 3973 2381 4036 omnis
2418 3976 2670 4062 generis

542 4072 776 4138 fabulis
805 4072 1218 4163 explanandis
1239 4122 1257 4155 ‚
1283 4098 1557 4161 quarum
1592 4076 1726 4138 aliae
1760 4076 1842 4139 ad
1874 4098 2143 4163 corpora
2175 4078 2441 4141 caelestia
2472 4082 2669 4166 perti-
