2996 4685
555 317 648 415 76
1119 319 1679 390 EDITIONES
1740 320 2107 389 AVIENI.

639 448 904 538 quidem
943 445 1498 515 animadversione
1533 450 1779 534 addita,
1814 449 2094 514 subinde
2128 447 2508 512 mendosior
2542 439 2705 537 ipso

642 555 981 620 Pithoeano
998 603 1016 636 ,
1043 553 1157 618 ubi
1185 555 1338 619 novi
1367 578 1615 620 errores
1644 555 2091 646 typographici
2118 553 2401 618 admissi.

727 662 1110 750 Exemplum
1158 661 1295 742 ejus
1351 661 1689 744 editionis,
1726 661 1917 750 quod.
1966 661 2122 726 olim
2171 663 2231 726 J.
2282 662 2363 725 A.
2410 659 2701 724 Fabricii

636 766 764 831 fuit
783 815 801 850 ‚
844 766 1040 832 hodie
1089 782 1294 832 exstat
1340 769 1410 832 in
1461 768 1851 835 bibliotheca
1900 766 2241 832 Electorali
2294 765 2647 831 Dresdensi
2668 815 2693 848 ,

645 870 826 936 unde
858 873 995 962 ipse
1031 872 1314 962 benigne
1347 895 1729 940 concessum
1761 872 1981 937 habui.

553 1063 667 1129 IX.
705 1065 1190 1154 Descnptionem
1256 1065 1441 1130 Orbis
1485 1077 1672 1130 terroe
1717 1080 1784 1129 et
1836 1063 2040 1128 Oram
2088 1061 2485 1125 maritimam
2534 1082 2697 1123 cum

639 1169 952 1234 Prisciani
1002 1169 1322 1260 Periegesi
1385 1171 1611 1236 Latina
1672 1169 1989 1258 Dionysio
2053 1167 2280 1232 Graeco
2347 1165 2697 1246 adjunctas

645 1273 850 1340 edidit
888 1277 921 1340 J
926 1297 990 1340 0.
1019 1273 1408 1358 HudsonuS,
1433 1277 1563 1341 vol.
1610 1277 1702 1340 IV
1738 1273 2159 1363 Geographtke
2182 1274 2407 1336 veteris
2434 1271 2696 1359 scripto-

647 1403 790 1444 rum
841 1379 1044 1447 Graec.
1093 1385 1242 1446 min.
1300 1383 1569 1447 Oxoniae
1608 1405 1810 1470 1712,
1839 1380 2001 1446 in-8.
2026 1382 2303 1446 Textum
2348 1377 2697 1442 Pithoeano

648 1486 869 1575 paullo
918 1487 1426 1554 emendatiorem
1483 1488 1697 1572 dedit,
1750 1489 1939 1578 eique
1994 1487 2196 1552 varias
2255 1484 2565 1551 lectiones
2628 1499 2700 1546 et

645 1591 1048 1672 conjecturas
1083 1591 1496 1665 eruditorum
1528 1593 1825 1676 subjecit.
2275 1601 2289 1618 ⁸

558 1785 640 1851 X.
676 1787 862 1850 Inter
895 1786 1107 1876 Opera
1148 1785 1607 1876 &fragmenta
1651 1797 1931 1850 wterum
1967 1795 2307 1873 poetarum
2321 1829 2343 1862 ,
2381 1781 2696 1870 profano-

643 1913 793 1954 rum
838 1906 904 1954 et
947 1890 1532 1957 ecclesiasticorum
1553 1937 1573 1972 ,
1607 1913 1659 1960 a,
1692 1889 1893 1954 Mich.
1945 1887 2291 1952 Maittairio
2324 1886 2591 1951 collecta
2628 1901 2699 1948 et

643 1996 818 2060 edita
845 1996 1051 2062 Lond.
1085 1997 1273 2084 1713,
1296 1997 1406 2061 fol.
1430 1995 1656 2061 Avieni
1674 1996 2015 2084 Descrivtio
2044 1993 2231 2057 Orbis
2255 2008 2440 2057 terroe
2458 1991 2701 2080 legitur

646 2101 771 2166 vol.
792 2104 888 2183 ΙΙ,
911 2127 976 2192 p.
996 2101 1160 2167 1325
1178 2151 1196 2186 ‚
1215 2125 1398 2190 seqq.
1429 2102 1564 2166 Ora
1584 2102 1910 2164 maritima
1930 2149 1951 2180 ‚
1972 2124 2037 2189 p.
2072 2097 2238 2177 1334
2253 2123 2272 2180 3
2289 2100 2487 2162 Arati
2506 2096 2699 2160 Plue-

647 2229 914 2270 nomena
933 2254 954 2287 ,
984 2229 1128 2297 pag.
1171 2206 1358 2272 1551.
1385 2208 1629 2271 Textus
1656 2206 1922 2297 adparet
1952 2229 2031 2270 ex
2056 2203 2357 2271 Hudsoni
2394 2203 2697 2290 exemplo

651 2312 1028 2400 exscriptus.

736 2416 816 2479 In
853 2415 1126 2505 Corpore
1163 2419 1439 2483 omnium
1475 2430 1759 2485 veterum
1780 2432 2117 2509 poetarum
2149 2418 2293 2502 Lac.
2326 2414 2695 2481 secundum

561 2592 568 2597 ,
649 2519 882 2584 seriem
931 2536 1306 2609 temporum
1347 2521 1631 2613 digesto,
1670 2540 1736 2588 et
1776 2523 2073 2611 quinque
2114 2521 2295 2586 libris
2344 2519 2695 2599 distincte,

655 2624 836 2713 quod
883 2626 1214 2715 proditum
1272 2645 1368 2693 est
1421 2629 1727 2712 Genene,
1770 2630 1927 2695 1611
1951 2678 1969 2712 ,
2004 2645 2070 2693 et
2124 2628 2399 2693 Aureliae
2448 2624 2695 2691 Allobr.

663 2730 856 2815 1640,
895 2732 1075 2816 in-4,
1111 2732 1372 2798 duobus
1400 2735 1875 2815 voluminibus,
1900 2732 2165 2797 Fabulae
2200 2730 2465 2820 quidem
2500 2730 2707 2795 XLII

661 2837 810 2919 Rufi
840 2838 1007 2901 Festi
1037 2840 1266 2907 Avieni
1294 2839 1602 2929 leguntur
1626 2840 1756 2906 vol.
1796 2839 1895 2920 113
1925 2837 2040 2902 sed
2078 2836 2529 2903 desiderantur
2556 2834 2697 2915 ejus

657 2942 1116 3031 Geographica.

568 3126 680 3189 XI.
708 3125 785 3188 In
814 3123 1177 3189 collectione
1196 3125 1561 3191 Pisaurensi
1578 3129 1859 3191 omnium
1874 3142 2279 3215 poematum,
2304 3126 2691 3202 carminum,

627 3230 1149 3319 fragmentorum
1190 3231 1562 3297 Latinorum
1593 3234 1828 3323 legitur
1858 3233 2090 3298 Avieni
2128 3234 2473 3320 Descriptio
2511 3230 2701 3295 Orbis

651 3350 836 3403 terroe
858 3354 1041 3402 tomo
1065 3338 1178 3420 lv,
1203 3340 1316 3426 qui
1345 3338 1639 3402 ethnicos
1668 3356 1887 3427 poetas
1904 3387 1923 3422 ,
1945 3340 2227 3403 minores
2258 3354 2325 3402 et
2357 3336 2661 3401 minimos
2676 3385 2695 3411 ,

659 3444 977 3525 eontinet,
1011 3459 1078 3507 et
1122 3444 1369 3508 Pisauri
1416 3468 1519 3508 an.
1573 3446 1771 3533 1766,
1809 3446 1992 3527 in-4,
2027 3444 2302 3534 prodiit,
2335 3466 2482 3533 pag.
2535 3442 2696 3526 166;

667 3548 804 3610 Ora
834 3550 1156 3611 maritima
1192 3549 1348 3613 ibid.
1374 3572 1519 3639 pag.
1555 3573 1697 3638 177,
1726 3574 1861 3638 seq,

579 3741 725 3805 XII.
769 3736 924 3825 Rufi
955 3740 1124 3804 Festi
1143 3744 1369 3807 Avieni
1387 3745 1731 3832 Descriptio
1756 3746 1938 3810 Orbis
1962 3756 2147 3809 terroe
2160 3790 2182 3823 ,
2207 3766 2351 3807 cum
2382 3743 2699 3831 conjectu-

662 3850 746 3910 ris
773 3846 1090 3912 nonnullis
1122 3848 1276 3914 clar.
1305 3852 1643 3917 Schrader-i
1668 3876 1836 3917 nunc
1847 3856 2124 3941 primum
2153 3852 2362 3932 editis,
2390 3872 2469 3913 ac
2493 3852 2708 3913 textui

662 3952 971 4041 sabjectis.
992 3954 1318 4020 Accedunt
1339 3958 1486 4024 Nic.
1505 3957 1764 4035 Heinsii,
1791 3958 1971 4047 Casp.
1997 3956 2254 4020 Bar-chii
2264 4003 2285 4036 ‚
2301 3954 2382 4023 cl.
2403 3952 2708 4019 salmasii

662 4058 1062 4147 aliorumque
1110 4059 1550 4127 adnotationes
1595 4069 1662 4129 in
1701 4068 2008 4129 Avienum
2031 4085 2054 4125 .·
2096 4062 2384 4149 impensis
2433 4074 2495 4125 et
2532 4063 2699 4123 curis
