2996 4685
601 323 742 412 {21³⁸

1363 326 1443 392 R.
1497 326 1566 390 F.
1620 325 1969 394 AVIENI

889 449 1214 539 Stagnum
1254 445 1408 514 inde
1442 448 1680 515 Tonon
1724 447 2055 516 montium
2090 446 2159 514 in
2202 445 2600 537 radicibuS,

791 555 1238 648 Tononiaeque
1273 554 1620 624 adtollitur
1655 557 1841 651 rupis
1870 557 2145 651 jugum,

2684 586 2769 630 ⁵⁴⁵

787 671 916 736 Per
943 691 1089 760 quae
1117 691 1396 736 sonorus
1424 665 1630 735 volvit
1659 691 1887 761 aequor
1918 689 2265 760 spumeum

793 779 1084 869 Anystus
1126 776 1376 862 amni8‚
1409 790 1476 844 et
1518 774 1731 845 salum
1768 777 1978 846 fluctu
2022 791 2216 846 secat.

785 889 942 955 Haec
983 900 1257 980 propter
1297 885 1510 955 undas
1546 902 1748 980 atque
1784 886 1951 956 salsa
1985 902 2146 956 sunt
2182 887 2393 956 freta:

789 997 881 1064 At
918 993 1247 1088 quidquid
1283 996 1423 1089 agri
1462 996 1638 1065 cedit
1673 996 1811 1066 alto
1847 1021 1885 1065 a
1927 997 2229 1092 gurgite,

784 1107 1052 1172 Ceretes
1088 1127 1312 1190 omne,
1355 1119 1423 1172 et
1457 1109 1883 1176 Acroceretes
1918 1107 2104 1201 prius

593 1309 755 1364 quam
772 1290 916 1341 lento
939 1301 1143 1361 stupeat
1163 1289 1312 1362 plaga
1340 1292 1474 1344 salsa
1495 1313 1619 1364 pro·

596 1371 821 1424 fundo».
843 1370 997 1424 Conf.
1020 1372 1188 1424 Lucil.
1205 1375 1346 1424 AEtn.
1371 1373 1490 1441 339.

669 1453 786 1517 544.
813 1459 1048 1523 Stagnum
1083 1457 1202 1504 inde
1235 1457 1360 1505 Toni
1385 1457 1524 1508 Ven-
1566 1467 1617 1508 et

594 1533 733 1585 Pith.
757 1536 946 1584 Tonom'
971 1535 1110 1604 conj.
1141 1532 1285 1585 Pith.
1310 1539 1478 1584 Tonou
1509 1533 1616 1588 edi·

593 1611 670 1664 dit
688 1611 860 1664 Huds.
887 1612 1068 1664 Petrus
1089 1616 1386 1677 de-Marea,
1411 1613 1495 1679 11,
1522 1615 1611 1680 18,

601 1710 622 1744 1
636 1711 658 1744 1
679 1731 694 1756 ,
716 1710 767 1762 p.
793 1693 912 1760 178,
938 1694 1062 1743 Tom'
1079 1691 1207 1744 citat
1225 1731 1240 1756 ,
1259 1704 1312 1743 et
1336 1691 1496 1744 talem
1516 1690 1616 1744 hu-

587 1773 676 1844 jus
727 1773 897 1844 stagni
961 1771 1369 1843 descriptionem
1421 1771 1611 1826 tradit:

591 1851 774 1905 Tichia
797 1864 873 1906 est
899 1851 1118 1919 fluvius,
1146 1854 1240 1922 qui
1269 1851 1427 1922 Muga
1455 1851 1615 1905 hodie

591 1930 808 1994 dicitnr,
822 1931 1076 1985 sambuca
1093 1930 1151 1982 in
1171 1929 1435 1983 veteribus
1451 1930 1585 1984 actis
1598 1971 1614 1998 ,

591 2011 786 2082 quique
813 2011 1072 2064 industria
1119 2009 1416 2078 accolarum
1441 2008 1610 2062 dedu-

591 2101 704 2142 ctus
725 2109 786 2143 ex
803 2104 978 2144 vetere
1001 2089 1150 2142 alveo
1173 2088 1344 2144 hodie
1359 2088 1535 2141 influit
1554 2087 1608 2139 in

593 2181 838 2240 stagnum
857 2167 1058 2220 Rhode
1077 2167 1399 2238 proximum,
1419 2178 1471 2219 et
1487 2186 1611 2219 mox

593 2248 648 2302 in
704 2265 850 2300 mare
904 2266 960 2299 se
1014 2245 1279 2307 immittit,
1323 2247 1470 2298 alveo
1512 2263 1610 2298 suo

594 2325 826 2399 piscibus
838 2345 868 2379 e
881 2324 1016 2377 mari
1033 2325 1090 2377 in
1109 2335 1349 2395 stagnum
1369 2324 1607 2396 prebens
1638 2366 1644 2383 ,-

595 2404 816 2465 aditum.
865 2403 1072 2456 Etenim
1099 2404 1186 2455 hic
1227 2414 1304 2455 est
1341 2414 1607 2474 stagnum,

593 2481 740 2555 quod
768 2484 836 2546 ab
871 2482 1072 2556 oppido
1099 2480 1340 2555 proximo
1375 2483 1610 2536 Castilio·

593 2580 754 2616 nense
806 2563 964 2633 vulgo
1014 2573 1233 2626 vocant,
1269 2559 1454 2615 decem
1497 2564 1610 2615 mil-

593 2642 731 2695 libus
767 2660 1013 2713 passuum
1065 2642 1122 2694 in
1168 2641 1349 2693 orbem
1391 2653 1607 2713 patens,

594 2722 778 2796 cygnis
849 2742 942 2776 sen
1014 2721 1246 2775 oloribus
1309 2721 1381 2774 ibi
1428 2741 1609 2794 perpe-

592 2814 736 2856 tuam
781 2820 979 2855 moram
1027 2799 1340 2853 facientibus
1375 2800 1607 2871 insigne,

594 2882 790 2954 quibus
847 2880 990 2953 junci
1044 2879 1286 2952 palustris
1339 2880 1486 2951 copia
1540 2878 1608 2931 ad

593 2960 853 3031 margines
894 2976 1153 3012 secessum
1197 2968 1250 3010 et
1299 2955 1607 3011 nidificandi

590 3038 920 3093 occasionem
984 3036 1199 3108 prebet.
1247 3036 1501 3106 Stagnum
1547 3035 1607 3087 il·

587 3116 681 3169 lud
749 3116 932 3168 Festus
979 3115 1208 3168 Avienus
1255 3114 1468 3166 Tenum
1515 3133 1608 3167 vo·

591 3209 714 3249 cat:
759 3200 998 3263 Stagnum
1043 3196 1161 3245 inde
1207 3196 1330 3245 Toni
1377 3196 1607 3245 montium

591 3278 642 3327 in
683 3276 950 3337 radicibus,
987 3284 1090 3327 etc.
1127 3274 1306 3344 Rupes
1341 3272 1608 3325 Tononita

593 3352 783 3413 dicitur
825 3370 976 3405 mons
1017 3350 1334 3405 Rhodensis.
1371 3351 1607 3424 Anystus

592 3450 715 3485 vero
741 3432 912 3484 amnis
937 3441 1015 3482 est
1041 3430 1152 3502 ipse
1174 3429 1436 3483 Samhuca
1453 3470 1469 3496 ,
1495 3428 1605 3482 sive

593 3510 792 3562 Tichis.
817 3510 938 3561 Haec
965 3508 1100 3562 Petr.
1129 3510 1432 3561 Marcauus.

663 3587 763 3641 565
821 3590 1165 3655 Tonoteitceque
1191 3586 1310 3639 Vet
1373 3600 1424 3641 et
1460 3586 1599 3641 Pith.

597 3668 924 3732 Tononioeque
963 3664 1196 3719 Hudson.
1237 3680 1289 3719 et
1337 3668 1412 3720 sic
1437 3666 1602 3721 voluit

593 3744 776 3797 Heius.

665 3823 782 3891 547.
805 3830 1020 3885 Anystus
1052 3827 1190 3875 amni
1220 3826 1357 3877 Ven.
1384 3832 1602 3891 Anystus

593 3905 752 3953 amm's
793 3898 934 3951 Pith.
979 3912 1030 3951 et
1071 3899 1238 3956 Huds.
1277 3910 1507 3968 Amyscus
1533 3904 1601 3956 V.
1628 3928 1639 3937 ·

593 3980 719 4035 Vid.
745 3991 856 4033 not.
879 3978 947 4033 ad
969 3999 1016 4031 v.
1040 3981 1161 4045 544.

659 4060 778 4124 548.
807 4064 920 4111 Hac
949 4075 1149 4128 propter·
1168 4065 1329 4111 undas
1353 4061 1595 4132 vulgatae.

2668 1133 2755 1170 552

1700 1293 1805 1348 Has
1825 1310 2023 1365 propter
2046 1300 2209 1348 undas
2230 1295 2295 1344 V.
2322 1293 2421 1348 sed
2448 1297 2753 1367 vulgatum

1698 1376 1913 1429 rectius.

1771 1453 1887 1507 550.
1917 1459 2119 1506 Coemees
2147 1473 2289 1506 omne
2314 1467 2363 1504 ee
2388 1461 2749 1506 Attene-eneces

1694 1537 1829 1601 prius
1847 1535 1984 1586 Ven.
2009 1545 2060 1587 et
2082 1532 2222 1586 Pith.
2258 1537 2454 1587 cereces
2490 1553 2659 1586 omne
2698 1553 2749 1586 et

1699 1620 2010 1666 Acrocereees
2036 1611 2205 1664 Huds.
2230 1612 2360 1664 Aliis
2386 1611 2747 1685 Geognphis

1699 1704 1962 1744 vocantur
1994 1691 2239 1744 Ceretani
2278 1691 2385 1744 sive
2418 1690 2742 1747 Cerretani.

1697 1770 1921 1836 Plinius,
1937 1769 2025 1822 lib.
2049 1770 2166 1834 111,
2196 1787 2312 1840 cap.
2338 1768 2405 1823 3:
2426 1797 2455 1816 α
2472 1770 2616 1824 Post
2651 1793 2745 1828 ens

1696 1849 1989 1916 (Laletanos
2016 1859 2067 1902 et
2101 1847 2423 1920 Indigetes),
2444 1868 2567 1920 qno
2596 1849 2743 1904 dioe-

1694 1939 1781 1979 tur
1807 1927 1993 1980 ordine
2009 1968 2025 1995 ,
2044 1928 2187 1980 intus
2206 1927 2523 1981 recedentes
2550 1929 2747 1984 radice

1693 2004 1958 2078 Pyrenaei,
1972 2007 2261 2074 Ausetani,
2283 2006 2549 2060 Lacetani
2568 2049 2587 2074 ,
2612 2027 2742 2080 per-

1692 2102 1797 2156 que
1860 2086 2170 2156 Pyrenaeum
2230 2085 2513 2138 Cerretani
2540 2106 2559 2140 z
2606 2087 2739 2140 dein

1694 2165 1961 2218 Vascones
1980 2190 2001 2211 ι
2010 2204 2024 2216 .
2039 2165 2243 2218 Ibidem
2256 2165 2312 2218 in
2324 2166 2739 2221 Tarraconensi

1694 2258 1954 2298 conventu
1966 2287 1983 2312 ,
1998 2245 2209 2298 illorum
2227 2243 2336 2299 duo
2353 2265 2560 2318 genera
2582 2249 2739 2302 facit.

1698 2326 1969 2387 Cerretani,
1988 2324 2186 2397 inquit,
2204 2327 2292 2393 qui
2309 2327 2509 2378 Juliani
2526 2348 2741 2397 cogno-

1694 2408 1957 2465 minarent,
1995 2419 2042 2456 ec
2076 2407 2163 2471 qui
2179 2410 2483 2473 Augustani.
2519 2408 2737 2460 Iuliani

1694 2483 1762 2535 ab
1788 2495 1909 2535 ortu
1932 2486 2068 2535 Iulia
2092 2486 2275 2549 Libyca
2298 2482 2404 2552 (vel
2424 2486 2621 2554 potine
2646 2488 2737 2539 Li-

1694 2561 1801 2628 via)
1820 2579 1976 2633 quam
2002 2561 2168 2615 solam
2192 2560 2508 2615 Ptolemaeus
2530 2564 2597 2617 in
2620 2566 2735 2619 cuis

1694 2640 1993 2694 Cerretanis
2018 2640 2339 2694 memoravit.
2358 2642 2439 2693 An
2460 2660 2602 2697 vero
2624 2648 2735 2697 Au-

1694 2720 1899 2790 gustani
1940 2719 2147 2790 ,pariter
2194 2719 2261 2771 ab
2306 2720 2444 2773 urbe
2482 2727 2729 2791 Augusta

1695 2797 2071 2851 nominantur?
2090 2801 2169 2851 Ita
2186 2810 2361 2852 censet
2378 2799 2726 2867 Har-duilium

1696 2875 1789 2929 sed
1814 2895 2057 2948 quanam
2084 2877 2175 2929 illa
2202 2877 2357 2930 fuerit
2374 2916 2389 2941 ,
2418 2896 2533 2931 non
2556 2898 2727 2951 expo-

1694 2956 1790 3007 nit.
1815 2956 1938 3009 Haec
1958 2956 2192 3009 Caum.
2220 2956 2349 3009 orb.
2372 2958 2497 3009 Ant.
2518 2962 2633 3011 vol.
2667 2961 2692 3011 1
2708 3001 2723 3023 ‚

1694 3053 1746 3106 p.
1780 3034 2208 3106 153.—Amplius
2232 3033 2299 3087 de
2330 3035 2723 3091 Ceretanormn

1695 3110 1800 3164 situ
1824 3112 1933 3183 agit
1961 3113 2145 3166 Petrus
2162 3113 2333 3166 Marc.
2354 3113 2523 3179 lib.1,
2540 3135 2593 3169 c.
2634 3135 2720 3170 n.

1692 3193 1737 3244 E
1765 3210 1874 3262 qno
1899 3191 2014 3245 haec
2037 3192 2375 3263 subjiciemus
2394 3191 2463 3245 ad
2482 3212 2727 3265 prusen-

1694 3281 1801 3337 tem
1820 3269 1997 3322 locum
2016 3271 2331 3342 pertinentia
2344 3309 2360 3335 ,
2374 3272 2406 3339 S
2422 3272 2469 3323 V
2488 3290 2505 3325 :
2526 3272 2569 3324 F
2570 3286 2724 3327 estus

1694 3347 1925 3401 Avienus
1966 3368 1997 3401 a
2044 3348 2197 3401 litore
2248 3348 2553 3420 Indigetum
2598 3354 2723 3404 eive

1693 3427 2157 3500 Emporitanorum
2178 3426 2479 3483 recedentes
2502 3429 2557 3483 in
2579 3431 2723 3485 inte-

1690 3507 1833 3560 riora
1875 3508 2102 3580 populos
2137 3508 2317 3562 vocari
2354 3508 2431 3562 ait
2464 3509 2717 3565 Cereres:

1690 3592 1761 3636 At
1796 3590 2039 3654 quidquid
2076 3590 2194 3655 agri
2236 3591 2395 3649 cedit,
2444 3600 2545 3642 etc.
2582 3590 2717 3663 Ejus

1690 3676 1863 3717 tamen
1878 3665 2231 3719 testimonium
2246 3686 2354 3719 non
2372 3665 2504 3721 adeo
2513 3688 2717 3741 urgen-

1691 3744 1818 3797 dum
1852 3756 1949 3809 est,
1968 3764 2133 3818 quum
2166 3744 2433 3818 antiquata
2464 3750 2713 3818 gentium

1692 3824 1909 3876 nomina
1972 3843 2229 3897 usurpare
2294 3828 2491 3891 soleat,
2540 3846 2717 3900 eaque

1690 3903 1959 3967 omittere,
1981 3922 2099 3976 quse
2132 3916 2246 3957 tum
2286 3904 2340 3957 in
2382 3924 2483 3959 usu
2519 3921 2677 3961 erant
2696 3948 2713 3971 ,

1693 3999 1856 4052 quum
1866 3982 1974 4053 ipse
1988 3981 2308 4037 describeret
2321 3983 2515 4037 librum
2532 4005 2713 4039 suum.

1689 4059 1895 4114 Deinde
1917 4081 1980 4115 ex
2006 4063 2275 4117 Ceretihus
2301 4063 2413 4115 istis
2440 4076 2494 4116 et
2526 4065 2715 4118 Anco-

1856 4298 1869 4327 Ι
