2996 4685
794 339 926 406 DE
989 315 1613 404 Em‘romBUs
1674 327 2044 418 Ale‘Nl.
2390 331 2474 430 57

361 452 472 536 sus
527 471 656 535 hoc
703 470 847 533 loco
908 466 1168 532 exhibet
1184 513 1203 546 ,
1255 465 1488 530 Graecis
1545 464 1842 553 Dionysii
1883 463 2163 554 perfecte
2210 485 2481 553 respon-

359 575 586 640 dentes
607 623 625 657 ,
678 595 758 638 ex
811 574 1022 662 iisque
1079 594 1296 636 errore
1358 570 1599 635 librarii
1660 591 1870 634 unum
1935 567 2287 634 conflatum
2346 593 2484 636 esse

362 679 552 745 docet
581 703 598 744 ε

641 807 839 860 Piscosi
859 806 1164 878 Aspendum
1184 806 1385 861 flumen
1409 824 1557 860 secus
1575 805 1985 878 Eurymedontis
1998 843 2017 871 ,

638 895 740 948 Sus
765 894 854 946 ubi
878 893 1132 948 deformis
1155 892 1340 947 calidis
1362 891 1604 947 adoletur
1624 893 1679 945 in
1702 891 1809 946 aris

598 1043 604 1047 ,
638 983 793 1056 Saepe
817 983 1050 1038 Dionea
1070 982 1286 1038 Veneri.

361 1135 704 1199 Manifesta
748 1134 1062 1224 adparent
1098 1149 1551 1222 corruptarum
1588 1155 1823 1198 vocum
1852 1133 2099 1198 Prisca-5
2128 1131 2257 1194 idce
2265 1130 2486 1220 fomes

359 1240 624 1328 vestigia
651 1241 724 1304 in
755 1240 1038 1305 duorum
1073 1261 1382 1304 versuum
1430 1241 1662 1322 initiis,
1701 1240 1931 1327 prioris
1962 1237 2237 1328 ‘quidem
2271 1237 2483 1302 verbis

360 1347 601 1410 Piscosi
623 1347 990 1436 Aspendum
1003 1395 1025 1428 ‚
1064 1361 1130 1410 et
1154 1347 1415 1413 alterius
1446 1347 1566 1411 Sus
1596 1345 1705 1412 ubi
1720 1343 2021 1432 defhrmis
2034 1394 2054 1428 ,
2102 1345 2190 1408 ita
2222 1359 2296 1410 ut
2327 1345 2489 1407 inte-

360 1473 474 1539 ger
519 1473 776 1533 versus,
823 1473 1024 1540 quem
1065 1452 1359 1540 vulgares
1408 1451 1724 1515 editiones
1773 1452 2077 1540 ignorant
2094 1475 2135 1532 ,·
2157 1471 2276 1538 per
2323 1448 2483 1514 duas

356 1555 757 1620 Viennenses
791 1555 1082 1620 redditus
1128 1556 1374 1619 Avieno
1415 1556 1792 1644 reperiatur.
1828 1555 2006 1618 Talia
2043 1556 2230 1642 plura
2258 1555 2329 1616 in
2351 1553 2481 1616 Va-

358 1659 534 1724 diani
570 1661 864 1750 exemplo
891 1660 1148 1741 inveni,
1179 1660 1289 1724 hic
1319 1684 1454 1725 non
1491 1651 1882 1740 enarranda,
1925 1683 2069 1748 quae
2103 1657 2486 1747 desperatis·

357 1767 534 1830 simis
565 1767 723 1831 locis
749 1769 973 1831 Avieni
1001 1767 1316 1832 medelam
1336 1818 1354 1851 ,
1386 1793 1424 1831 a
1457 1770 1691 1834 criticis
1729 1785 1795 1832 et
1822 1769 2283 1855 interpretibus
2318 1788 2485 1854 aegre

358 1871 688 1958 quaesitam
703 1920 722 1952 ,
763 1871 1236 1959 expeditissime
1281 1874 1603 1938 adferunt.
1658 1875 1793 1938 Nec
1845 1890 2098 1937 tantum
2142 1873 2213 1936 in
2263 1893 2485 1935 emen·

357 1975 585 2040 dandis
631 1976 948 2064 corruptis
996 1975 1384 2040 lectionibus
1429 1969 1591 2041 felix'
1619 1977 1892 2040 Vadiani
1945 1999 2139 2065 opera
2186 1974 2447 2063 adparet
2464 2022 2483 2055 ,

357 2079 471 2143 sed
501 2081 776 2144 maxime
803 2081 871 2143 in
905 2078 1320 2144 distinctione
1350 2103 1657 2183 versuum
1695 2099 1763 2146 et
1792 2083 2257 2147 sententiarum
2292 2103 2485 2144 accu-

357 2201 524 2266 rata,
565 2209 709 2273 quae
760 2185 1086 2273 prioribus
1125 2187 1196 2248 in
1238 2184 1633 2250 editionibus
1683 2204 1797 2254 aut
1834 2187 2063 2252 vitiosa
2083 2235 2101 2269 ,
2150 2202 2265 2249 aut
2308 2186 2482 2249 nulla

355 2307 526 2367 erat,
551 2289 731 2357 unde
763 2311 989 2356 sensus
1015 2305 1220 2379 poetae
1244 2311 1412 2381 saepe
1447 2289 1716 2358 mirifice
1748 2293 2009 2374 adjutus
2041 2308 2107 2357 et
2136 2291 2483 2357 illustratus

354 2414 471 2463 est.
499 2396 702 2461 Valde
731 2397 1003 2462 omnino
1032 2397 1278 2461 Avieno
1307 2398 1520 2462 fraudi
1556 2398 1683 2463 fuit
1700 2449 1718 2482 ,
1764 2398 1944 2487 quod
1974 2397 2247 2461 Vadiani
2282 2396 2483 2461 editio

353 2524 484 2589 prae
512 2502 875 2583 Pithoeana‚
917 2526 1062 2590 quae
1086 2502 1218 2583 jam
1254 2494 1600 2592 insequuta
1632 2522 1763 2587 est,
1798 2503 2036 2594 negligi
2071 2504 2261 2591 plane
2296 2502 2487 2590 coepit

355 2624 422 2671 et
447 2608 758 2672 oblivioni
779 2608 925 2672 data
949 2624 1064 2674 est.
1089 2609 1256 2673 Nam
1285 2632 1492 2698 quum
1518 2610 1823 2693 Pithoeus,
1837 2609 2108 2675 Vadiani
2132 2600 2483 2674 editionem

357 2712 658 2803 ignorans
674 2762 694 2795 ,
735 2716 964 2779 Avieni
1007 2716 1523 2803 Descriptionem
1572 2717 1747 2782 orbis
1793 2718 1964 2783 inter
2010 2717 2484 2805 Epigrammata

354 2834 420 2882 et
455 2819 782 2884 Poematia
809 2837 1028 2885 vetera
1063 2820 1311 2903 ederet,
1359 2822 1474 2887 hic
1512 2823 1709 2905 liber,
1756 2823 1843 2888 ob
1888 2816 2338 2887 collectionem
2386 2837 2484 2885 tot

351 2924 628 2989 aliorum
681 2926 1042 2991 carminum
1091 2928 1413 2992 rariorum
1459 2945 1675 3017 gratus
1723 2928 2021 3019 inprimis
2064 2944 2130 3027 et
2174 2927 2384 3007 utilis,
2422 2942 2489 2989 et

353 3028 622 3095 diversis
649 3031 838 3097 annis
870 3054 944 3097 ac
976 3032 1132 3097 loeis
1148 3081 1168 3114 ,
1211 3032 1496 3116 Parisiis,
1525 3033 1863 3123 Lugduni,
1897 3034 2173 3099 Genevae
2191 3082 2209 3115 ,
2249 3049 2350 3097 ter
2379 3052 2484 3094 re·

353 3135 593 3219 petitus
628 3151 694 3201 et
713 3158 979 3201 recusus
995 3185 1015 3218 ,
1044 3136 1453 3201 eruditorum
1492 3160 1723 3203 manus
1757 3155 1819 3203 et
1851 3161 2079 3203 musea
2114 3136 2485 3224 occupavit,

356 3251 423 3300 et
439 3236 712 3302 Vadiani
743 3240 905 3305 adeo
933 3244 1318 3331 exemplaria
1345 3243 1624 3334 expulit,
1666 3240 1959 3332 quamvis
2002 3244 2108 3308 ille
2148 3241 2313 3305 nihil
2352 3263 2493 3304 om-

357 3340 515 3405 nino
555 3342 853 3429 praestitit
890 3347 1137 3410 Avieno
1155 3395 1175 3430 ,
1226 3364 1611 3436 textumque
1654 3346 2225 3413 mendosissimum
2260 3342 2487 3413 edidit²

353 3444 667 3512 Adfirmat
693 3446 957 3536 quidem
976 3450 1208 3516 Christ.
1230 3454 1545 3518 Daumius
1568 3452 1685 3542 (1),
1708 3452 2059 3517 editionem
2085 3451 2482 3517 Pithoeanam

353 3574 390 3615 e
415 3553 625 3640 prima
648 3552 898 3618 Veneta
925 3555 1080 3621 anni
1103 3556 1272 3635 1488
1298 3560 1573 3623 maxima
1599 3581 1680 3622 ex
1706 3573 1888 3645 parte
1914 3579 2277 3645 expressam
2306 3580 2444 3623 esse
2461 3608 2480 3641 ,

353 3678 476 3720 nec
520 3654 822 3749 diffiteor,
868 3660 937 3723 in
983 3660 1277 3725 lectionis
1313 3663 1518 3745 vitiis,
1560 3676 1627 3727 et
1665 3660 1917 3728 mendis
1960 3680 2026 3730 et
2062 3664 2309 3729 lacunis
2349 3664 2485 3754 plu-

354 3762 592 3827 rimum
643 3781 992 3853 utramque
1043 3769 1423 3852 convenire3
1478 3768 1594 3833 sed
1639 3770 1859 3834 inveni
1910 3785 2127 3835 tamen
2170 3770 2488 3837 Venetam

416 3982 504 4119 t(¹1)
537 3982 620 4037 Ad
647 3984 851 4040 Paulin.
878 3988 1086 4045 Petroc-
1118 4006 1234 4061 με.
1260 3990 1396 4079 ‚34⁸³
1415 4000 1470 4043 et
1501 3988 1571 4043 de
1604 3991 1803 4047 caussis
1835 3993 2145 4049 amissarum
2180 3954 2331 4063 Litig-
2364 3994 2481 4050 Lat.

354 4086 410 4128 tu
459 4108 472 4128 ‚
499 4088 617 4141 pag.
655 4090 772 4140 ¹²9·
