2996 4685
377 338 472 411 92
1191 316 1716 385 PRAEFA‘rlo
1782 342 1791 351 ·

378 446 865 511 observationes
878 492 898 527 ,
913 446 1256 509 maximam
1272 461 1521 533 partem
1541 446 1607 509 in
1630 445 1847 509 critica
1869 447 2149 527 ratione,
2162 462 2226 509 et
2248 446 2522 510 lectione

377 549 864 631 constituenda,
897 550 1104 615 rarius
1137 552 1204 613 in
1241 572 1460 614 rerum
1495 550 1922 639 explicatione
1946 567 2271 615 versantes
2289 597 2307 632 ,
2340 550 2521 639 prius

379 654 646 744 quidem
683 678 722 719 a
754 655 992 721 clariss.
1027 655 1580 748 Wassenberghio
1610 679 1649 719 e
1681 656 1923 735 majore
1956 655 2111 720 silva
2146 656 2254 720 hic
2288 656 2417 721 illic
2451 656 2521 719 in

376 754 744 826 Breviorem
775 762 1048 829 cinnum
1079 761 1381 844 redactae,
1409 764 1513 827 vel
1546 762 1640 826 sic
1666 778 1882 826 tamen
1918 761 2069 827 satis
2096 763 2323 853 amplae
2344 761 2523 827 vide-

381 882 636 948 rentur,
659 868 975 955 pluraque
1003 866 1120 933 abs
1147 890 1254 932 me
1285 883 1352 933 et
1381 866 1520 933 aliis
1558 867 1641 932 de
1674 866 1901 932 eadem
1932 868 2183 932 ratione
2218 866 2521 931 adnotata

377 971 790 1057 accederent,
809 974 1048 1039 laxiora
1069 974 1208 1039 haee
1229 975 1450 1039 omnia
1470 972 1883 1055 videbantur,
1907 998 2103 1062 quam
2133 998 2277 1062 quae
2302 974 2521 1039 locum

377 1080 448 1141 in
481 1078 751 1169 singulis
779 1079 1029 1169 paginis
1062 1096 1237 1144 texto
1269 1079 1673 1160 subjicienda
1707 1078 1949 1143 habere
1975 1095 2261 1169 possent.
2299 1082 2523 1168 ltaque

377 1182 723 1248 Schraderi
779 1182 1046 1271 quidem
1104 1201 1171 1249 et
1223 1186 1502 1249 aliorum
1558 1186 1841 1274 integras
1899 1179 2524 1268 animadversiones,

377 1286 534 1349 item
583 1308 758 1351 meas
789 1286 874 1350 ad
907 1309 1128 1352 rerum
1160 1287 1677 1377 explanationem
1716 1302 2114 1376 spectantes,
2147 1303 2296 1375 post
2327 1284 2523 1351 finem

380 1391 685 1483 carminis
712 1410 1024 1481 perpetua
1057 1395 1222 1458 serie
1257 1392 1663 1459 collocandas
1695 1392 1913 1461 curavi
1933 1441 1953 1474 ,
1982 1391 2097 1457 sed
2131 1409 2381 1474 tamen,
2417 1408 2525 1473 ut,

377 1520 522 1585 quae
542 1497 625 1564 ad
646 1500 802 1563 texti
823 1498 1152 1565 emendati
1175 1500 1492 1565 rationem
1511 1498 1995 1589 intelligendam
2021 1499 2314 1586 proxime
2332 1500 2523 1586 perti·

378 1620 633 1682 nerent,
655 1604 848 1669 obvia
866 1604 1221 1694 legentium
1243 1608 1450 1672 oculis
1467 1623 1706 1687 essent,
1725 1620 2053 1691 excerptas
2073 1626 2150 1667 ex
2168 1604 2307 1667 istis
2328 1604 2529 1667 anim·

377 1709 868 1775 adversionibus
891 1712 1226 1777 varietates
1268 1712 1567 1777 lectionis
1613 1727 1679 1775 et
1729 1708 2131 1789 conjecturas
2177 1708 2523 1773 doctorum

376 1816 667 1879 virorum
686 1865 705 1899 ,
734 1839 866 1881 una
893 1840 1046 1882 cum
1072 1818 1150 1883 iis
1169 1866 1187 1901 ,
1214 1841 1373 1906 quas
1406 1819 1547 1907 ipse
1575 1817 2013 1880 observassem
2034 1816 2137 1897 ,in
2160 1812 2525 1879 adnotatio-

355 1944 532 1985 -nem
565 1937 743 1986 texto
779 1922 1248 2004 subjiciendam
1273 1922 1558 2003 contuli,
1574 1938 1640 1985 et
1662 1920 1939 1986 subinde
1956 1969 1976 2003 ,
1998 1944 2142 2008 quae
2158 1918 2241 1984 ad
2258 1944 2522 1984 sensum

381 2027 700 2110 facerent,
727 2028 1009 2094 breviter
1045 2029 1344 2095 indicavi.
1370 2029 1746 2117 Utcumque
1777 2050 1932 2093 vero
1964 2028 2082 2091 ista
2112 2049 2181 2091 se
2211 2026 2525 2107 habeant,

379 2155 646 2222 operam
671 2150 847 2199 certe
881 2134 1254 2229 diligentius
1282 2134 1533 2200 Avieno
1566 2150 1859 2197 navatam
1892 2155 2025 2196 non
2048 2130 2528 2227 ‚improbabunt

379 2238 550 2327 aequi
589 2239 898 2327 lectores3
927 2239 1309 2329 gaudebunt
1348 2238 1596 2328 potius,
1624 2260 1802 2302 nunc
1836 2236 2035 2301 veluti
2082 2236 2149 2298 in
2192 2235 2525 2298 meliorem

379 2346 577 2410 vitam
602 2364 974 2412 revocatum
995 2396 1014 2429 ‚
1040 2362 1137 2430 et,
1163 2345 1384 2434 quoad
1413 2345 1553 2410 fieri
1578 2346 1824 2435 potuit,
1846 2342 2243 2434 perpolitum
2267 2340 2527 2440 prodire

381 2451 855 2519 nobilissimum
910 2469 1169 2543 poetam
1191 2499 1208 2527 ,
1251 2451 1519 2542 indigne
1560 2450 1777 2516 adhuc
1822 2449 2191 2539 neglectum
2212 2497 2231 2530 ,
2265 2448 2347 2513 de
2395 2472 2528 2538 quo

381 2581 564 2624 nunc
589 2559 888 2623 futurum
923 2581 1142 2648 spero,
1166 2574 1240 2622 ut
1270 2558 1493 2623 denuo
1527 2556 1597 2621 in
1630 2576 1863 2620 manus
1887 2572 1953 2620 et
1978 2578 2092 2620 ora
2117 2554 2525 2619 eruditorum

381 2665 648 2730 veniens
665 2714 684 2748 ‚
709 2665 1017 2756 deinceps
1050 2668 1301 2757 legatur
1329 2663 1741 2754 frequentius
1757 2713 1775 2746 ,
1800 2680 1865 2728 et
1892 2663 2129 2726 rectius
2154 2663 2524 2726 aestimetur.

381 2771 639 2851 Etenim
669 2795 816 2860 quae
839 2771 1025 2838 dotes
1051 2788 1116 2837 et
1131 2773 1405 2837 virtutes
1431 2771 1629 2852 hujus
1658 2768 2126 2858 Descriptionis
2148 2768 2341 2833 Orbis
2367 2768 2527 2848 sint,

379 2899 416 2940 e
442 2878 720 2945 lectione
753 2895 820 2943 et
854 2878 1233 2944 recensione
1267 2878 1405 2962 ejus
1442 2857 1737 2942 accurata
1769 2875 2030 2942 abunde
2064 2873 2374 2940 intellexi.
2415 2874 2526 2937 In-

381 2983 650 3071 genium
687 2998 755 3047 et
789 2984 1055 3071 spiritus
1090 2985 1158 3048 in
1201 2999 1339 3047 toto
1377 2999 1677 3074 poemate
1707 2980 2048 3062 mirificus,
2085 2999 2151 3045 et
2183 3002 2530 3070 propemo—

379 3087 539 3152 dum
574 3088 766 3152 altior
799 3111 920 3152 suo
952 3106 1365 3180 argumentO,
1396 3107 1656 3178 regnat,
1687 3089 1801 3177 qui
1834 3086 2081 3157 aridam-
2110 3087 2527 3177 jejunumque

364 3194 720 3262 ,materiam
751 3194 1036 3259 animare
1063 3194 1584 3282 quodammodO,
1616 3211 1682 3259 et
1712 3195 2023 3259 lectorem
2051 3198 2274 3256 s'ecum
2302 3212 2528 3281 rapere

382 3324 502 3394 per
533 3301 732 3366 maria
768 3318 832 3365 et
869 3317 1071 3366 terras
1095 3301 1372 3367 videtur.
1405 3302 1631 3368 Oratio
1663 3301 1910 3390 ubique
1935 3301 2195 3390 copiosa
2215 3315 2275 3364 et
2302 3313 2529 3362 ornata

382 3407 546 3471 mira
568 3407 872 3471 varietate
921 3428 1023 3471 res
1075 3409 1521 3496 formulasque
1572 3405 1929 3473 identidem
1979 3421 2383 3472 recurrentes
2402 3450 2421 3484 ,
2455 3419 2533 3466 ut

382 3512 522 3577 fieri
566 3513 635 3576 in
682 3523 995 3601 perpetu‘a
1044 3515 1423 3580 recensione
1473 3531 1837 3596 terrarum,
1878 3514 2157 3578 marium
2176 3559 2195 3592 ,
2232 3509 2532 3589 urbium,

388 3617 739 3684 fluviorum
787 3640 1052 3684 necesse
1094 3637 1225 3702 est,
1255 3621 1436 3685 aliter
1477 3637 1676 3710 atque
1716 3620 1901 3684 aliter
1936 3616 2267 3698 enuntiat,
2300 3614 2534 3702 hisque

386 3725 633 3815 optime
667 3721 860 3788 taedio
893 3725 1182 3791 occurrit
1209 3727 1519 3816 legentis:
1555 3742 1658 3790 tot
1684 3741 1991 3814 praeterea
2012 3718 2237 3786 verbis‘
2250 3736 2318 3785 et
2338 3718 2533 3808 phra-

389 3831 569 3897 sibus
600 3830 855 3894 novatis
872 3877 893 3910 ,
922 3831 1081 3895 scite
1105 3833 1514 3922 compositis,
1541 3848 1606 3896 et
1636 3831 1945 3896 audacius
1978 3827 2301 3893 translatis
2318 3826 2535 3890 abun-

390 3936 535 4018 dat,
565 3953 643 4001 ut
684 3935 816 4000 hoc
855 3954 1117 4002 auctore
1157 3939 1436 4006 latinitas
1475 3933 1969 4026 quodammodo
2013 3933 2400 4023 locupletata
2438 3932 2533 3994 vi-

399 4041 650 4108 deatur.
682 4044 769 4106 Ut
802 4045 1106 4132 exemplis
1139 4067 1242 4110 res
1275 4059 1564 4128 constet,
1600 4043 1811 4107 obiter
1848 4037 2162 4104 nonnulla
2196 4039 2332 4121 ejus
2353 4059 2533 4104 voca-
