2996 4685
762 310 1375 380 DESCRIPTIO
1438 314 1571 381 OR
1587 312 1736 380 BIS
1793 315 2166 384 TERRAE.

2387 317 2523 391 255

493 433 805 504 Protinus
840 433 965 502 hac
1006 435 1179 527 ipsas
1216 435 1575 504 absorbent
1614 434 1800 505 fauce
1835 439 2095 508 carinas
2117 493 2136 520 ‚

496 541 989 639 Involvuntque
1026 542 1222 612 simul
1266 571 1423 616 mox
1467 541 1765 615 monstra
1801 550 2064 617 von-acia
2105 566 2360 621 nautas.

589 655 833 750 Ogyris
872 654 1029 724 inde
1070 655 1209 724 salo
1248 659 1498 750 promit
1543 673 1777 753 caput,
1813 683 2048 753 aspera
2087 686 2316 756 rupes,

494 766 843 838 Carmanis
884 791 1015 859 qua
1054 791 1123 834 se
1164 765 1381 864 pelagi
1418 767 1654 862 procul
1703 769 1959 838 invehit
2003 772 2244 860 undas3

466 960 587 1012 792.
613 945 833 994 Pron'mu
859 947 965 994 hoec
990 948 1142 1011 ipsas.
1167 943 1414 997 Heinsius

396 1021 609 1093 quidem
641 1022 863 1094 conjecit
887 1026 983 1074 hac
1007 1021 1175 1094 (quod
1192 1022 1417 1078 Werns·

394 1099 569 1154 dot-fio
607 1102 835 1172 placet),
870 1104 1049 1156 nescio
1094 1115 1301 1168 tamen,
1345 1121 1413 1156 an

396 1180 667 1251 vulgatum
702 1184 809 1232 haec
846 1182 1022 1253 potius
1056 1181 1311 1234 tuendum
1350 1183 1419 1234 sit

395 1277 426 1312 e
472 1261 749 1333 Dionysio,
810 1261 1101 1314 Bochai-tus
1122 1303 1137 1328 ,
1202 1261 1412 1314 Hieroz.

396 1337 452 1390 P.
481 1339 565 1402 11,
588 1357 702 1411 pag.
732 1345 831 1411 7¹5²
854 1381 869 1406 ,
886 1341 1117 1412 graviter
1158 1351 1306 1393 notat
1342 1340 1415 1392 fa-

394 1417 577 1481 bulas,
600 1420 857 1492 fingentes
897 1421 1037 1493 ipsas
1068 1420 1224 1473 etiam
1260 1439 1415 1495 naves

395 1498 554 1552 simul
586 1514 707 1552 cnm
742 1500 866 1552 viris
905 1517 936 1553 a
970 1501 1216 1553 monstris
1241 1500 1418 1553 absor-

392 1589 528 1650 ptas.
552 1577 897 1633 Suam—Sed
918 1580 1093 1632 verius
1121 1581 1413 1633 Nemesian.

394 1657 623 1712 Halieut.
654 1679 728 1714 vs.
770 1663 874 1714 66:
928 1687 953 1706 α
976 1661 1194 1714 miseros
1230 1671 1415 1713 nautas

392 1755 662 1811 navesque
710 1751 984 1792 morantur
1024 1751 1205 1801 euntes
1227 1765 1268 1792 n.
1316 1739 1413 1791 En.

392 1817 701 1893 —Propter
728 1830 978 1890 angustos
1006 1819 1137 1890 gule
1179 1829 1414 1882 meatus,

395 1914 529 1967 quos
562 1895 662 1950 ceti
698 1915 786 1950 seu
816 1896 1028 1950 baioenoe
1059 1898 1288 1962 habent,
1315 1897 1415 1948 Bo·

395 1977 639 2042 chartus,
668 1976 701 2030 l.
728 1997 777 2030 c.
806 1975 1079 2041 adfirmat,
1104 1978 1239 2048 ipsas
1255 1995 1417 2030 naves

394 2074 421 2106 a
448 2055 576 2109 cetis
593 2056 893 2118 absorberi,
910 2057 1103 2110 fabulo
1124 2068 1415 2109 monstrum

392 2152 507 2190 esse
522 2173 538 2198 ,
570 2141 758 2208 quovis
784 2149 900 2189 ecto
924 2135 1296 2208 portentosius.
1314 2135 1413 2189 W.

393 2219 567 2270 —Pro
579 2219 840 2268 absorbent
855 2217 989 2270 Vcn.
1005 2219 1273 2268 absordene
1289 2213 1415 2268 vitio

392 2285 693 2364 manifesto,
704 2295 847 2370 quod
861 2308 1036 2350 tamen
1051 2295 1259 2370 repetiit
1272 2294 1411 2349 Pith.

393 2379 649 2430 absorbent
674 2378 830 2449 Cusp.
850 2375 989 2429 vad.
1016 2388 1068 2430 et
1090 2376 1295 2449 reliq-ui.

465 2458 585 2528 793.
610 2462 965 2525 Involvuneque
990 2461 1097 2509 sinu
1125 2454 1411 2529 conjecisse

392 2528 743 2591 Schrader-mi
800 2534 961 2589 tradit
1008 2536 1255 2588 Friesem.
1314 2554 1410 2607 ego

392 2634 659 2689 nusquam
706 2614 913 2667 inveni:
944 2618 1179 2666 vorantia
1236 2629 1410 2665 nautes

284 2728 291 2733 ·
393 2695 613 2748 exhibet
627 2696 766 2747 Ven.
807 2694 861 2745 in
897 2712 1006 2765 quo
1040 2691 1261 2745 dubium
1296 2704 1374 2745 est
1394 2729 1410 2752 ‚

324 2807 342 2827 s
392 2790 571 2825 nantes
612 2793 679 2827 an
726 2788 905 2825 nautas
950 2772 1201 2823 voluerit:
1238 2786 1409 2821 viantes

392 2852 654 2907 dederunt
664 2852 779 2905 Pitb
788 2892 799 2903 .
809 2864 863 2905 et
876 2850 1041 2904 Huds.
1054 2865 1233 2903 nautas
1248 2851 1408 2921 Cnsp.

392 2944 444 2985 et
473 2931 609 2985 vad.
645 2932 791 3005 quod
829 2932 999 3003 placet
1034 2931 1177 2991 aliis,
1200 2940 1251 2982 et
1284 2948 1412 2982 sane

388 3024 609 3085 propter
634 3010 931 3083 precedens
956 3014 1131 3071 simul,
1158 3008 1307 3082 quod
1341 3008 1409 3062 ad

393 3097 592 3144 carinas
606 3090 1023 3161 refertur-,magis
1042 3100 1227 3163 aptum
1243 3088 1411 3142 videri

392 3172 563 3225 debet.
592 3172 678 3224 Sic
703 3171 841 3223 enim
868 3170 983 3241 pari
1009 3170 1065 3222 in
1099 3182 1411 3239 argumento

394 3252 543 3323 Virg.
570 3251 680 3303 1301.
698 3250 773 3301 v1
789 3289 803 3315 ,
828 3252 896 3319 76
922 3267 1031 3319 seq.
1054 3264 1183 3299 rates
1208 3262 1259 3301 et
1288 3270 1411 3299 nau-

393 3346 471 3382 tas
520 3328 805 3402 conjungit.
871 3326 938 3378 Et
982 3328 1197 3380 brevius
1243 3328 1408 3381 Prisc.

393 3429 446 3462 v.
474 3414 602 3463 602:
624 3408 881 3479 «Quippe,
894 3405 1069 3460 solent
1094 3405 1287 3477 pariter
1316 3425 1409 3458 na-

393 3511 514 3545 vem
528 3490 738 3545 sorbere
754 3488 1023 3560 virosque·
1044 3506 1057 3540 :
1074 3502 1292 3539 monstra
1321 3508 1411 3540 na-

392 3574 552 3627 tantia
594 3572 721 3625 citat
760 3568 1007 3623 Bochart.
1039 3566 1106 3620 de
1148 3568 1314 3622 anim.
1352 3569 1408 3623 S.

390 3652 443 3706 S.
467 3654 528 3705 P.
554 3653 607 3705 11
627 3690 644 3718 ‚
662 3670 713 3723 p.
736 3657 839 3723 76²
861 3648 987 3702 :sed
1004 3652 1212 3701 veracia
1230 3664 1409 3700 nautas

391 3751 503 3786 csse
532 3733 586 3785 in
624 3730 809 3783 Ambr.
847 3738 1065 3781 testatur
1101 3727 1321 3782 Schrad.
1360 3740 1409 3779 et

391 3825 675 3883 utrumque
721 3810 965 3863 adfirmat
1003 3808 1229 3861 fidenter
1261 3825 1317 3860 se
1356 3808 1411 3859 in

392 3905 591 3947 textum
605 3892 871 3943 illaturum
884 3906 1415 3961 esse.quumpraeser-

393 3972 485 4025 tim
508 3970 621 4023 hac
637 3968 793 4022 unice
812 3967 1025 4020 firment
1044 3967 1263 4037 Dionys.
1284 3965 1386 4018 603
1398 4006 1413 4035 ‚

390 4065 440 4106 et
470 4049 629 4103 Prisc.
670 4051 787 4099 60².
824 4046 1035 4101 Oddius
1077 4046 1238 4099 etiam
1286 4046 1411 4116 legit

2453 803 2530 852 79⁵

1503 945 1712 996 vor-aeia
1726 979 1742 1007 ‚
1758 954 1917 1015 atque
1944 961 2040 1014 ego
2066 943 2274 998 invenio
2296 946 2400 1001 hoc
2426 970 2524 1004 no-

1503 1041 1624 1074 men
1653 1025 1818 1094 magis
1841 1041 1905 1075 ex
1927 1039 2027 1074 usu
2058 1024 2248 1077 Avieni
2277 1045 2415 1095 esse,
2442 1051 2524 1084 ex.

1502 1115 1634 1172 grat.
1667 1103 1725 1155 in
1761 1103 1883 1156 loco
1915 1103 2073 1172 plane
2099 1103 2292 1172 simili,
2313 1126 2363 1160 v.
2387 1111 2523 1181 639:

1504 1207 1525 1226 ι
1551 1180 1954 1251 miserandaque
1976 1182 2080 1234 fata
2111 1182 2390 1240 Involvere
2416 1191 2528 1244 saio

1500 1261 1770 1333 fluctuque
1833 1261 2059 1313 hausere
2127 1265 2308 1317 voraci
2375 1266 2528 1342 Saepe

1501 1354 1642 1394 rates
1663 1366 1709 1392 a.

1547 1419 1970 1492 794.Distinguo:
1986 1422 2161 1490 Ogyris
2174 1424 2290 1474 inde
2298 1429 2408 1476 salo
2413 1447 2528 1496 pro-

1500 1505 1588 1552 mie
1617 1514 1766 1568 capue
1796 1518 1993 1567 aspera,
2015 1520 2155 1568 rupes
2176 1505 2434 1556 Comanis
2455 1527 2523 1562 ne

1502 1577 1612 1632 duo
1653 1577 1887 1651 epitheta
1920 1592 2274 1633 concurrant:
2298 1602 2524 1652 asper-am

1504 1659 1665 1712 fuisse
1708 1670 1852 1730 patet
1887 1677 1917 1710 e
1947 1678 1998 1710 v,
2028 1676 2150 1729 797.
2180 1659 2425 1715 Heinsius
2458 1666 2526 1719 ad

1501 1736 1664 1790 ovid.
1717 1737 1848 1789 Met.
1891 1735 2027 1788 VIII
2045 1777 2061 1802 ‚
2104 1747 2232 1803 142,
2278 1743 2525 1797 carminis

1501 1817 1671 1889 legem
1713 1817 1900 1870 violari
1947 1815 2162 1883 videns,
2196 1823 2527 1895 corrigebat:

1505 1922 1528 1943 ι
1543 1897 1785 1950 Carmani
1821 1916 1924 1969 qua
1954 1915 2009 1950 se
2045 1897 2245 1969 pelagi,
2265 1912 2362 1954 etc.
2379 1928 2405 1947 υ
2424 1903 2528 1955 Sed

1502 1977 1734 2029 Avienus
1759 1976 1946 2029 ‹ledit-
1971 2014 1984 2026 .
2008 2016 2020 2028 .
2041 1996 2224 2049 ,rupes
2252 1979 2529 2034 Carmanis

1503 2074 1611 2128 qua
1627 2073 1681 2108 se
1695 2055 1866 2128 pelagi
1883 2055 2068 2126 pmcn!
2090 2056 2294 2110 invehit
2313 2059 2470 2114 undis
2485 2087 2530 2114 a.

1503 2137 1638 2190 Nam
1658 2135 1943 2207 Dionysius
1957 2175 1972 2201 ,
1987 2154 2037 2188 ν.
2055 2138 2186 2189 606:
2207 2139 2527 2212 Καρμανίὸος

1501 2220 1694 2272 (arabs-e
1719 2216 1868 2288 ἄκρης
1887 2201 2094 2287 brume,
2119 2227 2170 2267 et
2197 2216 2358 2270 Prisc.
2389 2221 2522 2284 604:

1511 2294 1785 2349 -Ulterius
1825 2312 2015 2368 pergas
2061 2295 2103 2347 si
2149 2309 2268 2367 post
2313 2299 2528 2353 Carma-

1495 2374 1621 2427 nida
1649 2392 1965 2427 summam».
1995 2373 2140 2427 Paria
2181 2374 2384 2431 dudum
2429 2399 2524 2433 no-

1496 2454 1605 2507 tavi
1645 2454 1698 2506 in
1729 2454 1952 2506 Observ.
1993 2474 2045 2525 p.
2091 2454 2178 2516 48.
2208 2454 2524 2511 Sanan).—

1498 2536 1679 2602 Ogrn's
1693 2536 1811 2585 inde
1827 2538 1954 2585 salo.
1978 2532 2042 2585 In
2062 2538 2279 2589 nomine
2306 2556 2525 2593 consen-

1496 2614 1635 2665 tiunt
1675 2612 1983 2684 Dionysius,
2026 2612 2188 2667 Prisc.
2225 2614 2365 2669 Mela
2384 2656 2400 2681 ,
2420 2618 2526 2671 Pli-

1496 2692 1618 2743 nius
1639 2729 1654 2753 ‚
1681 2690 1862 2763 steph.
1893 2690 2017 2763 Byz.
2044 2691 2252 2746 Suidas.
2277 2696 2524 2763 (Curtius

1496 2770 1680 2823 insulae
1723 2788 1918 2822 nomen
1961 2770 2159 2823 babet:
2184 2771 2371 2844 Itaque
2415 2796 2521 2829 non

1496 2861 1607 2900 erat
1630 2887 1644 2911 ,
1664 2848 1810 2921 quod
1839 2846 1907 2901 de
1927 2866 1991 2899 eo
2018 2847 2285 2903 dubitaret
2306 2852 2528 2909 Vossius

1495 2928 1564 2981 ad
1582 2928 1704 2982 Mel.
1722 2948 1776 3000 p.
1793 2928 1918 2993 846,
1935 2926 2017 2980 ed.
2033 2928 2158 2982 Mel.
2175 2928 2322 2982 Gron
2335 2972 2346 2983 .
2366 2934 2522 3005 Apud

1496 3008 1629 3060 alios
1641 3009 1776 3061 male
1793 3019 2102 3078 corruptum
2121 3020 2198 3061 est
2214 3022 2299 3073 ,ut
2319 3012 2524 3063 Ari-ian.

1498 3086 1620 3140 Iud.
1649 3088 1713 3157 37
1737 3086 2016 3151 ;strahon.
2041 3104 2091 3158 p.
2121 3105 2176 3139 ιι
2192 3106 2212 3138 ι
2231 3106 2270 3140 ι.
2293 3086 2458 3141 Scan.

1569 3166 1689 3235 795.
1738 3168 2048 3219 Camanids's
2094 3166 2289 3219 habent
2341 3186 2524 3223 omnes

1497 3257 1735 3312 vetusto,
1762 3244 1987 3315 ideoque
2005 3242 2070 3295 ad
2079 3257 2376 3297 nexuerunt
2394 3266 2524 3317 prae-

1495 3324 1706 3379 cedenti
1735 3342 1872 3392 rupes
1894 3344 1912 3372 .·
1939 3326 2175 3375 Cannam'
2196 3324 2319 3394 legit
2343 3324 2520 3380 Heius.

1498 3406 1569 3459 ad
1604 3404 1766 3458 ovid.
1807 3404 1936 3455 Met.
1960 3402 2101 3466 vn,
2129 3410 2225 3467 142
2247 3440 2262 3465 ,
2285 3404 2521 3479 adeoque

1501 3488 1796 3537 Cumanum
1834 3486 2049 3552 pelagus
2105 3479 2211 3534 dici
2284 3487 2488 3555 putavit
2506 3529 2521 3555 ,

1497 3564 1695 3619 Graecis
1733 3580 1840 3615 non
1879 3561 2143 3632 inspectis.
2173 3564 2239 3615 At
2269 3566 2523 3620 Comanis

1497 3642 1786 3715 legendum
1834 3639 2161 3695 Schraderus
2209 3642 2414 3715 pridem
2468 3648 2522 3701 in

1500 3720 1708 3776 schedis
1733 3720 1965 3783 notavit,
1988 3733 2104 3794 post
2126 3721 2182 3773 in
2203 3724 2340 3777 notis
2355 3763 2370 3788 ,
2390 3717 2522 3799 quas

1501 3802 1810 3856 exhibemus
1827 3838 1844 3865 ,
1868 3814 1920 3853 et
1945 3800 1998 3853 in
2019 3802 2241 3855 Observ.
2268 3822 2316 3874 p.
2347 3807 2414 3869 48
2437 3806 2527 3859 de.

1501 3881 1828 3936 monstravit.
1864 3880 1988 3934 Haec
2017 3880 2318 3935 emendatio
2343 3886 2522 3959 utique

1501 3963 1768 4016 verissima
1787 4001 1802 4027 ‚
1821 3960 2082 4035 siquidem
2111 3966 2420 4016 Carmanidis
2449 3969 2521 4019 le-

1501 4062 1616 4115 gem
1649 4042 1896 4095 carminis
1922 4041 2097 4093 violat.
2117 4042 2229 4113 Ego
2246 4061 2372 4095 vero
2399 4048 2522 4095 car-
