2996 4685
450 367 587 436 180

1208 366 1291 430 R.
1342 367 1413 431 F.
1462 365 1820 438 AVIENI

536 491 883 582 Europam
917 480 1300 580 et'Libyam
1338 461 1575 580 tepido
1611 487 2030 560 disterminat
2064 505 2249 561 aestu.

536 604 671 676 Sed
708 605 896 699 prior
936 600 1049 672 illa
1086 617 1313 672 tamen
1354 603 1588 698 tepido
1625 606 2058 699 perfunditur
2091 610 2370 695 Austro,

534 721 696 788 Haec
739 715 921 785 subit
968 714 1237 783 insanos
1273 728 1538 808 tergum
1577 731 1854 786 curvata
1891 717 2281 812 Aquilone&

2507 745 2588 788 ήοο

536 827 768 898 Ambae
801 825 1029 895 Asiam
1067 849 1334 894 rursum
1372 820 1576 893 simili
1607 827 1734 896 sub
1769 825 1982 897 limite
2015 843 2347 925 tangunt:

466 945 487 952 “
540 941 795 1032 AEquus
828 935 1171 1028 utrimque
1206 934 1445 1004 modus
1477 935 1907 1029 protenditur
1937 964 1953 1007 ε
1998 953 2072 1008 at
2109 935 2307 1008 simul
2340 938 2571 1009 ambas

535 1049 606 1120 Si
649 1046 957 1119 conferre
999 1045 1124 1115 sibi
1168 1047 1524 1140 quisquam
1563 1044 1758 1134 velit,
1803 1073 1939 1117 una
1975 1073 2340 1144 parumper

536 1161 635 1230 Ut
668 1157 985 1228 credatur
1023 1156 1305 1242 humus,
1353 1155 1692 1251 mediique
1727 1157 2038 1227 interflua
2074 1155 2296 1252 ponti'

534 1269 935 1356 Subtrahat3
978 1264 1351 1361 extemplo,
1386 1264 1571 1361 quali
1609 1293 1752 1337 nux
1786 1269 1988 1364 pinea
2025 1269 2240 1338 forma
2276 1284 2417 1357 est,
2504 1297 2581 1340 ιώ

436 1547 597 1605 quem
609 1526 685 1581 ibi
703 1522 921 1578 adducit
933 1561 949 1588 ‚
967 1518 1307 1585 Lucretii,V,
1327 1524 1429 1581 ²04
1448 1535 1463 1570 :

434 1639 462 1659 e·
480 1613 549 1664 Et
568 1625 716 1663 mare
738 1603 886 1678 quod
911 1604 1015 1656 late
1034 1613 1295 1654 terrarum
1322 1597 1470 1652 disti-

434 1701 525 1745 net
550 1706 672 1743 oras
694 1711 738 1739 ι.
760 1686 927 1740 Son.
946 1681 1153 1753 Nempe
1169 1681 1372 1731 distinet
1384 1689 1468 1732 est

434 1768 643 1824 dirimit
656 1806 672 1831 ,
694 1759 953 1818 distendit
966 1801 981 1828 ,
1000 1760 1086 1812 vel
1103 1757 1357 1812 discludit
1369 1797 1385 1824 ,
1404 1771 1467 1812 ut

434 1868 593 1924 supra
620 1867 672 1901 v.
708 1845 808 1914 198
840 1841 1003 1895 dixit:
1036 1865 1065 1886 α
1082 1839 1345 1892 Thracius
1372 1856 1464 1891 an·

432 1941 611 2004 gustas
620 1921 869 1978 discludit
882 1921 1153 1991 Bosporus
1166 1937 1286 1971 oras
1304 1942 1345 1968 υ.
1358 1917 1463 1972 W.

507 2010 629 2081 399.
650 2009 752 2058 Sed
756 2006 898 2072 prior
912 2004 1003 2053 illa
1019 2015 1181 2051 tamen
1190 2041 1203 2053 .
1221 2002 1361 2051 Prior
1376 2001 1466 2050 illa

436 2109 549 2144 non
608 2083 831 2156 intelligi
874 2091 1045 2154 potest
1090 2077 1160 2132 de
1216 2080 1428 2149 Europa
1448 2117 1465 2144 ‚

436 2187 556 2241 quan
588 2165 765 2237 priore
794 2163 915 2215 loco
929 2197 945 2224 ,
976 2171 1029 2213 et
1062 2168 1185 2211 ante
1216 2155 1470 2230 Libyam,

435 2247 709 2302 nominata
733 2253 811 2294 est
828 2259 841 2294 :
861 2258 985 2293 narn
1002 2237 1177 2292 cinon
1199 2235 1469 2307 congruit,

439 2325 587 2402 quod
650 2320 907 2394 seqnitur,
956 2320 1117 2387 tepido
1155 2317 1473 2385 perfunditur

438 2416 657 2463 Auum,-
699 2399 794 2454 sed
826 2396 1133 2451 habendum
1172 2407 1251 2447 est
1280 2394 1350 2448 de
1376 2396 1469 2447 Li-

434 2489 543 2559 bya
560 2522 577 2549 ‚
605 2483 729 2535 licet
758 2498 820 2533 ea
858 2490 977 2549 post
1002 2474 1273 2547 Europam
1310 2475 1475 2529 nomi-

442 2578 631 2619 netur:
664 2572 717 2612 et
737 2560 880 2630 prior
898 2560 987 2609 illa
1012 2554 1185 2627 Libya
1212 2566 1319 2621 est,
1349 2573 1471 2625 quae

436 2645 587 2717 prior
612 2641 667 2693 in
696 2636 1051 2708 descriptione
1087 2633 1220 2699 suit,
1258 2632 1327 2687 de
1362 2652 1471 2707 qua

439 2725 695 2777 hactenus
718 2730 897 2771 actum
924 2726 1015 2768 est.
1040 2713 1143 2767 W.

512 2810 633 2867 40²·
654 2803 845 2867 AEquus
876 2798 1122 2863 utrimque
1152 2796 1327 2845 modus
1354 2812 1469 2861 pro·

435 2884 661 2936 emelim.
682 2880 762 2931 Ex
782 2890 1011 2948 utraque
1038 2885 1217 2947 parte,
1242 2873 1471 2941 Europe

440 2976 493 3017 et
528 2961 747 3025 African,
791 2955 1009 3027 aqualis
1063 2965 1219 3005 terra
1263 2965 1469 3005 tractus

438 3039 729 3117 porrigitur
752 3034 821 3089 ad
844 3034 1067 3087 limitem
1092 3032 1244 3084 Aaiae.
1263 3031 1367 3086 W.
1396 3062 1468 3071 -

441 3123 525 3175 Ab
544 3119 649 3172 hoc
666 3136 747 3171 vs.
770 3111 842 3167 ad
860 3119 963 3183 407
984 3110 1195 3183 Higtius
1212 3110 1288 3163 sic
1306 3110 1471 3182 conji-

436 3201 611 3255 ciebat
634 3202 825 3266 AEquus
846 3196 1040 3260 uerique
1070 3194 1243 3242 modus
1267 3204 1471 3258 proten-

439 3284 585 3333 ditur.
610 3280 730 3333 Jam
756 3273 935 3349 pergit
958 3272 1151 3324 Poeta:
1185 3297 1211 3316 a
1228 3281 1287 3323 ut
1309 3269 1469 3323 simul

440 3360 621 3412 ambas
658 3356 717 3410 Si
770 3354 1014 3408 conferre
1045 3350 1149 3403 sibi
1187 3349 1467 3422 quisquam

440 3439 601 3503 velit,
636 3454 743 3489 una
778 3450 1071 3505 parumper
1111 3429 1186 3481 Ut
1218 3428 1469 3483 credatur

440 3517 639 3569 humus
656 3552 727 3578 ,...
746 3511 963 3585 Singula
981 3509 1209 3564 versanti
1222 3508 1339 3561 talis
1358 3526 1470 3561 suc-

442 3594 594 3649 cedat
604 3594 777 3663 imago
789 3592 1015 3661 Europa
1026 3601 1080 3642 et
1092 3588 1273 3660 Libyoe
1288 3613 1330 3637 ιι.
1346 3586 1469 3640 Infl-

442 3686 617 3727 cetum
637 3682 716 3724 est
732 3708 748 3731 ,
768 3667 915 3740 quod
934 3669 1127 3740 legitur
1159 3693 1181 3714 ι
1200 3674 1264 3719 Ue
1282 3667 1325 3719 si
1342 3667 1463 3740 quis

440 3752 684 3806 conferre
706 3748 829 3801 velit
846 3784 862 3811 ,
886 3761 940 3797 ue
958 3766 1065 3800 uua
1088 3746 1333 3801 credatur
1356 3747 1461 3799 hu-

441 3850 561 3886 mus
580 3856 603 3877 ο
617 3870 631 3883 .
657 3830 1001 3900 Quapropter
1010 3828 1213 3899 recipio
1232 3828 1463 3899 scriptu-

442 3931 557 3965 ram
586 3910 705 3962 libri
734 3906 1139 3963 mediolanensis
1265 3934 1287 3955 ι
1313 3911 1381 3962 At
1404 3906 1465 3959 si-

442 3992 555 4045 mul
590 3990 773 4042 ambas
808 3988 863 4042 Si
899 3988 1141 4041 conferre
1176 3987 1276 4039 sibi
1312 3986 1461 4057 quis-

442 4088 605 4141 quam
632 4068 811 4123 velit...
843 4067 1065 4137 Singula
1094 4066 1323 4119 versanti
1342 4065 1461 4118 talis

442 4147 687 4205 succedet
706 4148 886 4217 imago
898 4146 1119 4215 Europe
1138 4157 1189 4197 et
1214 4144 1393 4217 Libya
1412 4170 1457 4197 ι.

1551 1518 1838 1591 Dionysius
1847 1520 1920 1574 ita
1937 1539 1990 1574 v.
2013 1523 2113 1592 ²7⁵
2221 1526 2283 1578 Ei
2303 1519 2368 1578 δέ
2387 1543 2442 1578 κε
2455 1523 2584 1586 θείης

1553 1603 1756 1663 Ταύτας
1794 1604 2082 1675 ἀμφοτίρας
2123 1607 2274 1676 γαῖαν
2313 1607 2452 1672 μίαν.
2496 1604 2586 1657 Sic

1553 1691 1734 1732 autem
1788 1681 1924 1734 solet
1980 1682 2243 1747 Avienus,
2291 1693 2352 1734 ut
2404 1682 2585 1735 Pham.

1553 1778 1611 1812 v,
1651 1763 1784 1830 169:
1807 1759 1987 1814 «Inde
2017 1762 2278 1834 pruinoso
2321 1763 2364 1814 si
2401 1762 2586 1815 lumen

1552 1839 1621 1892 ab
1649 1859 1816 1912 usque
1851 1844 2098 1895 Dracone
2133 1842 2202 1895 In
2240 1859 2478 1896 convexa
2513 1843 2590 1896 fe-

1551 1937 1667 1986 ras,
1694 1919 1984 1995 oculosque
2021 1922 2076 1974 in
2119 1923 2362 1993 proxima
2399 1921 2588 1976 mundi

1551 1999 1798 2053 Declines
1817 2037 1835 2066 ,
1871 2020 1976 2074 qus
2023 2012 2174 2073 parte
2213 2001 2372 2074 globo
2419 2013 2589 2054 tumet

1553 2079 1712 2131 altior
1743 2093 1921 2147 ortus,
1951 2079 2053 2133 Illa
2096 2080 2359 2134 laboranti
2399 2081 2587 2134 similis

1553 2156 1799 2212 succedet
1813 2160 2033 2230 imago».
2044 2158 2186 2212 Ibid.
2201 2180 2250 2213 v.
2265 2159 2396 2230 539:
2419 2160 2588 2213 «Hinc

1554 2237 1600 2289 si
1635 2237 1812 2292 vicino
1849 2234 2080 2293 flectaris
2114 2239 2322 2293 lumina
2361 2241 2502 2294 visu.
2525 2279 2539 2292 .
2561 2281 2576 2294 .

1553 2317 1727 2389 proles
1768 2319 1866 2371 tibi
1905 2320 2090 2374 Dercia
2131 2319 2311 2374 Pisces
2357 2319 2588 2392 Sui-gent

1553 2396 1832 2471 Bambycii
1852 2424 1896 2453 ι.
1922 2398 2078 2453 Adde
2100 2419 2148 2453 v,
2180 2399 2343 2453 1082:
2365 2426 2390 2445 α
2413 2400 2588 2471 Sigui-

1554 2477 1656 2529 feri
1675 2478 1734 2530 in
1759 2497 2030 2532 summum
2047 2520 2063 2546 ,
2085 2476 2268 2531 medio
2285 2478 2355 2532 de
2377 2479 2590 2533 tramite

1553 2556 1598 2609 si
1620 2557 1742 2629 quis
1761 2570 1922 2623 ·,etc.
1939 2556 2386 2629 Scnn.—-Higtius
2405 2558 2586 2629 conje-

1553 2636 1627 2689 cit
1651 2640 1868 2705 utn'que,
1906 2634 2055 2710 quod
2089 2656 2199 2689 non
2231 2636 2494 2709 prefero:
2532 2652 2590 2688 ut

1552 2717 1701 2769 simul
1736 2720 1909 2769 ambas
1960 2735 2145 2770 omnes
2197 2717 2380 2788 legunt
2434 2715 2584 2769 editi.

1550 2795 1901 2863 selu-aderas,
1923 2812 1979 2848 ae
2007 2800 2153 2849 simut
2179 2796 2403 2868 recipit,
2431 2796 2502 2850 ita
2523 2810 2589 2850 ut

1551 2876 1877 2930 constructio
1929 2874 2184 2948 procedat
2230 2874 2300 2929 ad
2355 2879 2590 2928 succedet

1550 2958 1720 3025 imago
1745 2962 1962 3024 Europa·
1990 2971 2039 3009 et
2073 2960 2255 3021 Libyas.
2293 2956 2452 3009 Recte
2482 2954 2588 3009 hoc

1551 3033 1773 3087 omnino
1792 3072 1808 3099 ‚
1837 3047 1996 3106 atque
2030 3034 2134 3106 ipsi
2167 3046 2338 3087 totum
2374 3033 2553 3088 locuni
2569 3074 2584 3099 ,

1551 3124 1612 3165 ut
1637 3132 1700 3167 ea
1729 3114 1864 3168 ratio
1903 3115 2153 3187 poscebat
2167 3154 2183 3180 ,
2204 3112 2557 3169 distinximus.

1625 3191 1746 3258 403.
1767 3196 1822 3245 Si
1841 3195 2070 3263 conferre
2087 3198 2201 3256 sibi,
2219 3194 2254 3247 i.
2273 3214 2320 3248 e.
2339 3195 2478 3249 inter
2497 3214 2554 3249 se
2569 3236 2586 3261 ‚

1551 3274 1638 3325 vel
1662 3272 1891 3327 inv-icem
1911 3313 1928 3338 ,
1949 3284 2004 3325 ut
2033 3292 2160 3326 mox
2185 3293 2235 3326 v·
2262 3279 2396 3338 410,
2423 3301 2447 3320 α
2469 3294 2584 3328 sm-

1550 3352 1632 3405 bo
1657 3362 1852 3404 coeunt
1881 3352 1982 3405 sibi
2006 3352 2202 3423 cespite
2226 3363 2380 3406 terrae
2397 3379 2438 3405 a.

1625 3432 1743 3495 405.
1793 3436 2060 3485 Subtralmt
2111 3437 2387 3502 extemplo,
2445 3438 2591 3501 quali

1550 3530 1680 3563 nux.
1727 3511 1964 3563 Forsan:
2003 3514 2288 3573 &baraban
2319 3517 2546 3582 exemplo
2563 3552 2580 3574 ,

1551 3593 1694 3658 quali
1704 3611 1726 3650 ,·
1754 3589 1878 3643 dein
1915 3602 2036 3662 post
2043 3592 2225 3660 forma
2261 3606 2338 3643 est
2375 3610 2582 3645 comma

1551 3670 1877 3740 ponendum.
1900 3670 2076 3724 Huns.
2099 3671 2234 3736 Quo
2260 3674 2586 3744 conjecturs,

1553 3749 1740 3801 saltem
1777 3768 1882 3821 qua
1921 3750 2085 3803 verbs
2109 3787 2124 3812 ,
2164 3750 2419 3802 convenit
2457 3767 2584 3801 cum

1553 3828 1898 3899 CuspinianO.
1918 3828 2023 3883 Sed
2043 3826 2184 3882 idern
2199 3826 2370 3881 Huds.
2389 3829 2444 3880 in
2461 3847 2588 3881 con-

1549 3910 1740 3979 jectur.
1773 3920 1825 3961 et
1855 3906 2062 3961 emend.
2095 3908 2296 3979 potius,
2329 3906 2583 3959 «Subtra-

1551 3986 1647 4039 hat
1666 3987 1955 4058 extemplo,
1976 3988 2125 4060 quali
2151 4006 2262 4040 nux
2287 3986 2446 4059 pinea
2477 3987 2584 4039 for-

1553 4084 1636 4117 ma
1661 4078 1767 4133 est,
1790 4066 2008 4138 Singula
2025 4066 2258 4120 versanti
2273 4066 2389 4119 talis
2405 4084 2586 4119 succe-

1551 4144 1641 4197 det
1658 4146 1874 4217 imago».
1889 4147 2172 4201 Enimvero
2184 4147 2260 4201 sic
2273 4146 2446 4199 omnia
2469 4164 2584 4197 cor-
