2996 4685
810 371 1425 438 DESCRIPTIO
1486 369 1784 438 ORBIS
1848 369 2224 438 TERRAE.

2439 389 2564 434 201

544 493 904 562 Intendant
942 490 1247 588 pelagum,
1290 489 1726 585 displosisque
1763 514 2032 586 aequora
2075 493 2272 560 terris

544 600 862 672 Instabile
904 600 1227 672 inclinent
1261 625 1524 696 semper
1559 626 1742 670 mare
1765 655 1785 684 ‚
1817 626 1950 696 qua
1986 601 2090 671 vel
2125 603 2285 672 Eois

545 713 829 784 Hadrias
870 712 1051 781 unda
1088 713 1271 782 vadis
1316 710 1568 806 largam
1607 711 1842 806 procul
1879 713 2144 806 exspuit
2177 708 2430 805 algam,

541 822 671 893 Vel
708 849 839 918 qua
874 823 1201 918 Tyrrheni
1244 845 1542 917 praeceps
1585 820 1948 890 involvitur
1985 836 2207 890 aestus,
2502 841 2580 878 sm

545 937 635 1003 At
664 933 947 1028 Zephyri
989 934 1149 1002 hinc
1183 957 1385 1027 rupes
1418 931 1692 1002 dorsum
1731 947 1978 1018 tumet,
2019 933 2222 1027 inque
2251 929 2480 1000 Bootis

540 1044 845 1113 Plaustra
874 1058 1109 1140 patens
1142 1042 1295 1112 albo
1330 1043 1680 1136 consurgit
1713 1042 1962 1110 vertice
1994 1065 2249 1111 saxum.

546 1157 695 1224 Huc
728 1180 797 1223 se
835 1154 1053 1250 prisca
1086 1153 1285 1222 Locri
1328 1177 1491 1246 gens
1531 1150 1794 1238 intulit,
1837 1167 1906 1220 et
1941 1150 2075 1220 sale
2110 1150 2314 1246 longo

445 1351 555 1384 non
606 1334 775 1383 solum
830 1328 1113 1382 latrociniis
1162 1327 1428 1382 continuis
1446 1365 1463 1390 ,

445 1409 539 1464 sed
578 1424 632 1464 et
675 1408 899 1482 perfidia
941 1409 999 1462 in
1041 1409 1212 1462 socios
1252 1408 1467 1461 fuerunt

381 1529 394 1540 .
446 1491 698 1562 infames,
723 1490 924 1563 quippe
957 1489 1084 1542 olim
1127 1508 1158 1542 a
1200 1485 1467 1552 Lucanis,

444 1569 589 1624 unde
613 1571 765 1642 origo
790 1587 979 1623 eorum
994 1609 1011 1636 ‚
1038 1565 1393 1628 desciverunt.
1415 1571 1469 1620 et

442 1649 583 1704 hello
626 1649 827 1703 Punico
870 1647 1104 1702 secundo
1147 1667 1179 1701 a
1220 1644 1469 1700 Romanis

442 1727 751 1783 defecerunt
796 1728 867 1782 ad
913 1728 1096 1781 Poenos
1116 1765 1132 1790 ,
1181 1728 1251 1780 ob
1298 1727 1469 1798 ipsam

444 1807 583 1862 hanc
604 1807 883 1878 perfidiam
912 1809 1243 1860 Bruttiorum
1269 1825 1466 1860 nomen

445 1885 619 1958 adepti
643 1905 671 1938 a
697 1887 950 1950 Lucanis,
971 1905 1199 1958 quorum
1227 1903 1470 1938 sermone

444 1964 500 2019 id
529 1965 851 2019 vocabulum
894 1964 1187 2018 desertores
1219 1965 1301 2018 vel
1331 1964 1471 2037 fugi-

446 2045 581 2097 tivos
606 2057 773 2098 notat.
800 2043 1023 2108 Strabo,
1054 2046 1134 2098 vl
1152 2085 1168 2108 ‚
1210 2063 1329 2116 pag.
1366 2046 1466 2113 '³9²

446 2124 587 2176 Alm.
615 2124 733 2176 Liv.
758 2125 1027 2192 xxlx,6;
1049 2123 1240 2178 Justin.
1262 2123 1469 2192 xxm,

444 2222 561 2275 cap.
590 2221 639 2257 1.
669 2203 807 2258 Wd.

516 2283 633 2355 507.
664 2287 935 2336 Intendane
954 2288 1180 2353 pelagus.
1207 2283 1367 2338 Con-f.
1392 2303 1465 2336 vs.

447 2364 547 2417 335
566 2376 619 2417 et
646 2372 769 2430 4²4·
796 2396 871 2405 —-
894 2368 1228 2432 Displosae'sque
1260 2386 1466 2433 «φησι-α

446 2446 599 2494 terris.
630 2442 894 2515 Equidem
928 2443 1107 2495 malim
1140 2446 1365 2512 displosis
1392 2465 1464 2495 oe·

444 2541 621 2589 quot-e,
664 2541 763 2576 nec
798 2536 975 2575 tamen
1011 2541 1194 2594 urgeo.
1230 2528 1469 2592 Displosa's

444 2601 613 2671 magis
658 2614 810 2655 tueor
831 2640 847 2666 ‚
894 2613 1078 2655 contra
1114 2602 1429 2657 Hudsonum
1448 2642 1467 2668 ,

443 2680 536 2749 qui
579 2684 797 2733 disclusis
846 2681 1025 2736 voluit.
1069 2683 1279 2735 Etenim
1325 2682 1467 2737 istud

442 2776 551 2810 non
578 2758 740 2812 modo
766 2761 1017 2815 usitatum
1040 2761 1209 2831 poetis
1227 2760 1295 2814 de
1310 2764 1470 2815 rebus

444 2856 632 2909 magna
674 2840 727 2890 vi
771 2838 1023 2912 diruptiS,
1064 2852 1127 2892 ut
1172 2840 1366 2893 Nostro
1411 2842 1467 2895 in

442 2916 632 2986 Progu.
657 2938 710 2970 v.
734 2920 863 2986 286,
897 2918 1023 2973 item
1049 2918 1300 2971 Lucretio
1316 2958 1331 2984 ,
1351 2920 1431 2972 VI
1452 2958 1467 2984 ,

449 3014 545 3063 1²9
564 3035 580 3062 ,
638 2994 730 3049 sed
778 2996 938 3050 etiam
996 3011 1163 3051 terras
1205 2996 1471 3071 quasdam

444 3074 689 3129 violentia
704 3076 863 3129 maria
878 3074 1110 3131 divulsas
1128 3079 1343 3151 paribus
1361 3098 1471 3131 ver-

443 3152 525 3205 bis
556 3153 806 3208 describit
822 3155 1002 3209 Valer.
1032 3157 1209 3210 Flacc.
1240 3156 1329 3221 11,
1363 3157 1467 3211 615

444 3250 587 3304 seqq.
620 3230 792 3285 Miror
814 3233 1129 3289 Hudsomum
1156 3254 1265 3289 non
1292 3236 1469 3307 potius

444 3310 629 3382 legisse
655 3314 901 3379 dispulsis,
936 3312 1083 3384 quod
1117 3332 1180 3365 eo
1209 3312 1323 3384 ipso
1351 3316 1468 3367 loco

444 3390 679 3453 Valerii,
713 3401 765 3442 et
786 3390 1032 3461 pluribus
1063 3391 1289 3444 aliorum
1323 3412 1469 3445 com-

444 3470 636 3540 paratis
662 3469 863 3522 firmari
902 3470 1097 3541 potuit.
1129 3470 1369 3524 scum.
1400 3504 1471 3514 --

440 3547 723 3602 Schraderi
760 3550 1115 3621 conjecturam
1154 3553 1473 3619 displosisque

443 3646 757 3707 oeqeeorejgo
778 3632 865 3681 vix
891 3626 1188 3681 admittam.

516 3708 633 3763 508.
653 3711 887 3759 last-«abile
909 3711 1145 3759 inclinent
1161 3729 1349 3777 semper
1366 3730 1471 3761 ma-

444 3806 511 3838 re.
539 3786 886 3858 Inter-pretor,
917 3801 1175 3854 curvent,
1216 3800 1267 3839 et
1304 3788 1471 3841 adtol-

442 3866 555 3917 lant
578 3865 722 3936 vagis
738 3866 1001 3932 fluctibus,
1014 3866 1469 3939 quemadmodum

444 3962 567 3997 mox
594 3964 668 3997 vs.
700 3944 800 4015 573
828 3963 841 3997 :
890 3971 912 3991 α
940 3946 1120 3999 Insula
1148 3965 1250 4018 qua
1282 3964 1471 3998 curvas

442 4022 661 4076 inclinat
676 4043 903 4077 concava
925 4026 1087 4079 valles
1102 4050 1147 4077 n.
1168 4024 1308 4078 Hinc
1325 4044 1471 4079 mare

442 4102 615 4175 ipsum
638 4144 654 4169 ‚
702 4104 845 4174 quod
898 4103 1189 4158 inclinatur
1210 4142 1227 4169 ,
1272 4124 1469 4157 curvum

1553 1327 1636 1378 ve!
1661 1341 1913 1376 curvatum
1939 1323 2152 1378 dicitur.
2179 1321 2304 1376 Vid.
2336 1340 2416 1376 vs,
2443 1338 2539 1389 192
2561 1359 2579 1386 ,

1558 1407 1684 1473 296,
1710 1403 1829 1474 529.
1846 1405 1950 1460 W.

1628 1483 1750 1537 510.
1779 1487 1869 1536 Vel
1882 1504 1984 1552 qua
2003 1485 2252 1550 Tyrrheni,
2275 1493 2376 1534 etc.
2393 1477 2578 1535 Schra-

1555 1563 1716 1617 derus
1740 1583 1838 1634 pro
1855 1562 2142 1615 imitatione
2154 1557 2437 1632 virgiliani
2453 1577 2575 1610 ver·

1555 1664 1646 1697 sus
1673 1644 1829 1697 habet
1847 1682 1864 1708 ‚
1885 1643 2083 1714 Georg.
2098 1643 2183 1708 11,
2221 1645 2348 1706 164:
2392 1665 2414 1687 ι
2436 1639 2576 1712 Tyr·

1555 1725 1864 1796 rhenusque
1905 1723 2049 1777 fretis
2089 1722 2390 1775 immittitur
2423 1733 2579 1774 estus

1558 1806 1779 1859 Avernis
1809 1831 1852 1856 ι.

1631 1885 1754 1938 511.
1787 1889 1864 1936 Ab
1891 1887 2115 1951 Zephyro
2141 1887 2255 1935 hine
2279 1903 2446 1950 rupes,
2479 1893 2578 1934 etc.

1557 1963 1837 2016 Nonnullis
1872 1961 2274 2016 difficultatibus
2307 1960 2396 2014 hic
2434 1961 2582 2012 locus

1557 2043 1838 2112 premitur,
1866 2043 1910 2094 si
1935 2060 2060 2095 cum
2085 2041 2240 2094 Dion.
2267 2043 2369 2105 364
2389 2053 2440 2094 et
2465 2039 2580 2092 Pri-

1557 2121 1718 2174 sciani
1760 2120 1862 2174 358
1907 2122 2228 2174 conferatur.
2280 2119 2446 2192 Igitur
2505 2119 2582 2172 sic

1553 2199 1838 2272 legendum
1856 2199 2116 2272 conjicio:
2139 2224 2162 2247 ι
2175 2198 2257 2252 Ad
2275 2198 2580 2270 Zephyrum

1552 2277 1682 2332 hinc
1723 2297 1882 2351 rupes
1923 2277 2142 2330 doraum
2176 2289 2342 2330 tumet
2361 2314 2378 2342 ,
2417 2278 2582 2350 inque

1553 2358 1732 2412 Bootis
1759 2359 1997 2411 Plaustra
2021 2369 2207 2430 patens
2237 2356 2345 2410 alto
2368 2376 2582 2410 consur-

1553 2438 1629 2508 git
1653 2438 1850 2491 vertice
1884 2456 2072 2491 saxum
2095 2462 2117 2483 ι
2137 2474 2154 2500 ,
2194 2450 2253 2489 ut
2280 2435 2580 2509 periphrasi

1553 2516 1871 2571 indicaverit
1887 2517 2224 2589 Zephyrium,
2242 2515 2309 2569 de
2321 2516 2583 2589 questra-

1553 2598 1649 2665 ho,
1672 2598 1754 2649 VI
1771 2635 1787 2661 ‚
1809 2617 1860 2668 p.
1886 2597 2010 2668 397.
2033 2596 2089 2647 B.
2113 2594 2436 2668 Zephyrium
2456 2615 2582 2667 pro-

1557 2676 1884 2729 montorium
1910 2676 2165 2747 Dionysio
2191 2680 2400 2749 Ζεφύρου
2427 2679 2546 2750 ἄκρη
2565 2716 2583 2742 ,

1554 2754 1828 2809 Prisciano
1853 2760 2067 2825 Zephyri
2087 2776 2294 2808 summa.
2313 2756 2482 2809 Scan.
2513 2786 2587 2797 —-

1558 2839 1636 2885 Ab
1683 2837 1907 2903 Zephyro
1955 2854 2138 2887 omnes
2181 2833 2302 2888 edd.
2355 2837 2424 2887 At
2481 2836 2585 2891 hoc

1554 2913 1795 2985 Dionysii
1824 2933 2030 2968 sensum
2059 2932 2164 2966 non
2189 2912 2412 2967 reddere
2431 2914 2579 2968 vide-

1555 3005 1659 3045 tur.
1701 2993 1840 3047 Hinc
1890 2992 2220 3058 Schraderus
2267 2995 2406 3048 hene
2458 2995 2584 3047 satis

1557 3072 1818 3127 emendat.
1839 3073 1992 3127 Idem
2002 3094 2128 3129 vero
2150 3076 2277 3128 olim
2301 3076 2358 3127 in
2377 3074 2586 3128 schedis

1556 3154 1738 3208 aliter:
1762 3160 1834 3206 Ae
1856 3157 2072 3223 Zephyri
2105 3158 2218 3206 binc
2245 3174 2417 3223 rupes,
2439 3155 2583 3226 quod

1555 3234 1725 3286 multo
1775 3235 1936 3305 magis
1986 3236 2156 3305 placet
2173 3272 2189 3295 ,
2228 3246 2280 3285 et
2321 3234 2581 3306 Dionysio

1556 3314 1818 3365 convenit.
1861 3343 1931 3353 --
1954 3318 2135 3364 Tunwt⁰
2177 3312 2261 3365 Sic
2306 3311 2462 3364 etiam
2504 3333 2581 3367 vs.

1559 3394 1662 3464 678
1678 3411 1692 3445 ε
1716 3420 1740 3438 α
1754 3402 1922 3447 tumet
1941 3392 2049 3444 illic
2063 3391 2232 3445 ardua
2243 3394 2408 3465 Calpe
2419 3422 2458 3445 ιι.
2479 3396 2580 3449 En.

1632 3470 1754 3525 513.
1783 3478 1896 3523 Hac
1915 3492 1967 3522 se
1976 3476 2144 3539 prisca
2163 3476 2308 3523 locri
2320 3493 2440 3541 gens
2458 3479 2586 3525 intu-

1559 3554 1634 3603 lie.
1666 3550 1750 3603 Sic
1774 3570 1823 3603 v.
1848 3553 1947 3605 203
1971 3569 1985 3604 ε
2010 3578 2032 3598 ι
2060 3551 2182 3605 Huc
2200 3552 2406 3624 pecoris
2427 3554 2588 3607 dorso

1561 3630 1810 3683 sternacis
1855 3625 1924 3683 in*
1961 3651 2142 3703 aequor
2179 3632 2396 3686 Inachis
2439 3632 2588 3687 illata

1559 3723 1640 3763 est
1660 3735 1699 3760 n.
1719 3708 1844 3779 (Sed
1863 3709 1936 3762 ibi
1957 3714 2062 3762 Hoc
2089 3710 2252 3763 voluit
2280 3711 2586 3783 Schrader.)
2681 3736 2684 3739 ⁴

1558 3789 1835 3859 singulare
1872 3801 2049 3842 autem
2089 3790 2345 3863 loquendi
2385 3810 2550 3863 genus
2573 3829 2589 3854 ,

1558 3866 1807 3939 quodque
1854 3868 1940 3920 vix
1985 3869 2111 3923 ferri
2153 3870 2352 3941 possit:
2393 3870 2584 3937 Locri,

1557 3965 1684 4019 gens
1718 3948 1889 4018 prisca
1925 3948 2033 4002 huc
2073 3968 2130 4002 se
2167 3949 2359 4003 intulit.
2388 3950 2587 4003 Similia

1559 4038 1732 4079 tamen
1773 4028 1899 4081 alibi
1945 4029 2163 4100 reperiri
2205 4039 2495 4100 putantur,
2530 4040 2592 4080 ut

1559 4106 1801 4179 superius
1827 4126 1878 4161 v.
1895 4107 1995 4171 445
2015 4127 2028 4161 :
2051 4134 2074 4152 u
2091 4107 2217 4161 Dira
2244 4105 2592 4162 Melanchla-
