2996 4685
459 204 479 241 Ι

453 359 596 431 320

1213 358 1296 423 R.
1348 354 1418 421 F.
1475 354 1821 423 AVIENI

545 482 686 551 Ver
732 478 1030 548 habuere
1075 500 1272 545 suum
1313 502 1485 546 nova
1538 476 1876 571 gramina,
1920 474 2085 543 flore
2130 472 2457 569 frequenti
2486 498 2592 537 ms

546 591 779 662 Pinxit
821 605 998 659 terra
1035 588 1253 676 sinus,
1303 611 1382 657 ac
1419 585 1753 681 Nymphis
1794 583 1977 653 unda
2014 585 2312 653 cucurrit

549 702 868 796 Largior:
900 700 1181 769 internis
1215 699 1413 767 etiam
1451 694 1687 791 procul
1724 694 2023 789 undique
2056 693 2142 763 ab
2184 694 2319 762 oris

527 942 548 976 1
563 921 678 976 1²5.
701 928 802 973 Ver
816 924 1026 973 habuere
1043 939 1181 971 suum
1203 939 1334 972 nova
1349 938 1470 989 gra-

452 1006 607 1055 mina.
641 1001 726 1056 Sic
761 999 952 1071 legisse
983 997 1164 1054 videas
1195 998 1378 1053 Barth.
1414 1000 1472 1051 in

453 1100 646 1136 comm.
674 1078 744 1133 ad
772 1077 964 1133 Claud.
1001 1096 1053 1149 p.
1087 1079 1220 1149 870,
1267 1079 1362 1131 ubi
1403 1077 1474 1132 ud

448 1159 790 1234 probandum
826 1157 1018 1211 latitia
1059 1156 1300 1211 datorem
1339 1157 1472 1209 Bac-

447 1241 612 1293 chum
663 1250 834 1293 totum
879 1236 1025 1291 hunc
1065 1236 1256 1291 Avieni
1297 1232 1474 1290 locum

447 1322 651 1374 recitat.
677 1319 835 1373 Scan.
849 1316 1157 1370 —Pithoeus
1181 1336 1247 1371 ex
1272 1317 1472 1370 Veneta

446 1399 608 1453 habet
625 1439 643 1464 ,
686 1415 913 1470 eumque
978 1409 1231 1468 sequutus
1300 1394 1472 1449 Huds.

447 1497 577 1531 nova
579 1478 839 1548 frumino,
861 1476 1184 1531 vocabulum
1203 1476 1442 1548 ignotum
1457 1513 1476 1539 ,

445 1556 592 1631 quod
661 1556 924 1629 explicare
989 1556 1186 1610 nescio.
1246 1556 1476 1627 Cuspin.

446 1638 655 1693 dudum
675 1658 801 1692 cum
819 1638 1066 1692 Vadiano
1091 1636 1323 1692 correxit
1348 1656 1478 1689 nova

443 1722 706 1789 gramina,
737 1717 900 1792 idque
943 1718 999 1770 in
1043 1718 1228 1770 Ambr.
1279 1716 1479 1768 invenit

447 1800 798 1873 probavitque
841 1797 1065 1853 Schrad.
1106 1799 1254 1852 Alios
1301 1797 1478 1869 legere

429 1884 657 1953 flamina
699 1880 907 1933 notavit
950 1877 1124 1933 Huds.
1169 1877 1318 1951 quod
1365 1896 1478 1931 non

446 1960 760 2034 respuerim.
784 1960 925 2013 Nam
935 1958 1076 2011 veris
1093 1970 1332 2029 tempore
1351 1956 1478 2010 novi

449 2054 503 2095 et
519 2041 751 2095 mitiores
769 2037 925 2092 flatus
940 2050 1220 2091 ventorum
1233 2037 1481 2108 ingruere

449 2117 918 2175 dicuntur.-Vid.
941 2116 1188 2171 Pentadii
1209 2116 1288 2169 El.
1311 2115 1371 2167 ΙΙ
1385 2154 1400 2179 ,
1432 2134 1482 2180 2,

449 2214 504 2255 et
529 2198 781 2253 adnotata
807 2197 877 2249 ad
906 2195 963 2248 h.
997 2197 1032 2248 l.
1073 2195 1184 2261 huj.
1223 2214 1310 2266 op.
1351 2206 1478 2246 tom.

450 2280 539 2345 11,
563 2297 686 2351 pag.
715 2278 833 2330 320.
862 2276 966 2327 En.
1000 2310 1067 2319 -
1092 2273 1198 2329 sed
1230 2275 1483 2348 quonium

451 2359 541 2410 hic
589 2357 657 2411 de
708 2355 872 2426 largis
923 2367 1078 2408 terroe
1128 2353 1482 2426 proventibus

453 2454 628 2490 sermo
671 2448 748 2488 est
765 2474 782 2501 ,
811 2433 956 2505 quod
993 2433 1154 2487 etiam
1205 2433 1483 2505 sequentia

452 2513 813 2568 demonstrant
831 2551 848 2578 ,
867 2511 1000 2564 hinc
1021 2510 1272 2584 equidem
1298 2513 1484 2566 malim

455 2593 766 2666 Cuspiniani
783 2591 1057 2666 antiquam
1071 2592 1352 2646 lectionem
1363 2613 1484 2662 gra-

455 2677 594 2726 mina
618 2673 865 2726 retinere.

533 2773 555 2808 1
569 2755 686 2807 1²6.
720 2757 861 2806 Flore
870 2751 1134 2823 frequenti
1155 2755 1329 2806 Pinxit
1354 2767 1485 2806 terra

457 2837 610 2886 sinus.
665 2833 780 2886 Hoc
833 2831 1025 2886 Avieni
1076 2833 1198 2886 loco
1249 2833 1482 2887 Prieaeus

459 2913 691 2964 illustrat
714 2911 920 2983 Apuleii
938 2911 1104 2964 verba
1123 2953 1140 2978 ,
1161 2913 1379 2966 Metam.
1399 2915 1449 2966 X
1467 2955 1484 2980 ‚

459 3011 515 3063 p.
547 2991 643 3044 232
665 3009 678 3042 :
701 2989 884 3063 «quod
901 3009 993 3043 ver
1019 2991 1076 3043 in
1097 2996 1212 3062 ipso
1233 3003 1354 3045 ortu
1373 2995 1484 3064 jum

460 3069 740 3141 gemmulis
776 3067 978 3122 floridis
1011 3082 1206 3122 cuncta
1234 3070 1488 3142 depinge-

456 3160 566 3212 ret,
591 3159 644 3202 et
664 3149 778 3220 jam
814 3166 1087 3219 purpureo
1127 3149 1300 3202 nitore
1331 3162 1488 3222 prata

456 3229 670 3283 vestiret
687 3253 713 3272 a
734 3246 749 3279 :
781 3226 1038 3299 additque
1063 3227 1230 3280 alium
1254 3227 1486 3294 Sidonii,

461 3328 623 3364 carm.
651 3325 712 3360 2:
745 3306 912 3361 «flore
941 3308 1162 3378 perenni
1183 3307 1346 3374 Picta,
1365 3328 1486 3381 per·

459 3387 918 3460 egrinosignornnt
937 3405 1064 3442 arva
1083 3387 1283 3460 rigores
1301 3414 1342 3441 ι.
1360 3389 1484 3443 Seu.

463 3473 734 3524 -Auctor
756 3467 1024 3540 pervigilii
1044 3470 1290 3534 Veneris,
1305 3491 1354 3522 v.
1383 3468 1442 3523 13
1467 3489 1482 3523 ε

464 3552 624 3622 «Ipsa
648 3548 870 3621 gemmis
904 3551 1033 3620 (pro
1060 3549 1340 3620 gemmeis)
1364 3568 1488 3620 pur-

460 3640 741 3703 purantem
765 3627 940 3698 pingit
970 3647 1171 3681 annum
1201 3629 1485 3695 ssoribus·;

462 3721 514 3762 et
549 3709 603 3760 in
631 3707 797 3778 epigr.
828 3706 896 3759 de
935 3706 1208 3764 Laudibus
1248 3709 1488 3776 Hortuli,

465 3787 626 3842 Anth.
653 3787 751 3848 111,
772 3784 857 3850 51,
883 3805 962 3840 vs.
995 3806 1053 3840 12
1070 3806 1086 3839 ε
1116 3789 1492 3862 «Pinguntque

462 3879 629 3918 terras
669 3866 923 3936 gemmeis
959 3867 1254 3921 honoribus
1273 3895 1320 3921 υ.
1365 3869 1488 3924 Ele·

463 3956 648 4018 gauter
665 3943 886 4016 pingere
903 3959 1098 3999 terram
1120 3945 1280 4001 flores
1297 3947 1489 4005 dicun-

465 4038 571 4076 tur.
597 4022 776 4075 Valer-
797 4027 957 4087 Cam,
997 4024 1050 4075 in
1077 4025 1248 4092 Diris,
1279 4047 1360 4082 vs.
1386 4048 1448 4082 21
1472 4049 1487 4082 ε

473 4129 497 4151 ι
520 4103 791 4170 Purpureo
809 4121 1024 4174 campos
1044 4123 1163 4175 qun
1184 4107 1353 4178 pingit
1373 4127 1490 4162 ave—

1557 938 1627 972 na
1676 918 1855 973 colore
1880 944 1921 973 n.
1963 920 2243 971 Vomanus
2266 956 2283 981 ‚
2325 918 2379 969 in
2416 918 2587 991 epigr.

1558 998 1701 1071 apud
1728 999 2024 1066 Pithoeum,
2054 998 2148 1053 lib.
2177 999 2281 1066 IV,
2304 1013 2427 1071 pag.
2456 1015 2585 1067 170:

1561 1104 1584 1124 ι
1607 1079 1719 1132 Ver
1742 1080 1915 1153 pingit
1939 1080 2087 1133 vario
2113 1078 2436 1152 gemmantia
2465 1096 2589 1153 pra·

1560 1169 1613 1211 ta
1654 1159 1832 1213 colore
1858 1186 1901 1213 n.
1947 1159 2050 1213 En.
2110 1190 2175 1201 -
2223 1164 2303 1210 Ac
2348 1160 2587 1226 Nymphis

1562 1242 1699 1291 unda
1744 1244 1961 1291 cucurrit
1998 1242 2220 1309 largior.
2265 1237 2553 1310 Dionysius
2570 1275 2589 1301 ,

1562 1336 1637 1370 vs.
1684 1320 1787 1386 943
1811 1338 1825 1371 :
1874 1321 2160 1390 αὐτομάτοις
2207 1316 2263 1371 δὲ
2306 1318 2588 1388 καττέῤῥεον

1563 1394 1706 1451 ὕδασι
1749 1399 1911 1470 λίμναι
1943 1418 1956 1451 :
1997 1400 2071 1454 sic
2106 1412 2158 1453 et
2193 1399 2589 1463 Callimachus,

1563 1478 1748 1551 hymn.
1770 1481 1827 1533 in
1848 1481 1964 1534 Del.
1985 1500 2034 1534 v.
2057 1484 2153 1533 261
2178 1498 2191 1531 :
2214 1488 2385 1551 Χρυσῷ
2409 1476 2464 1531 δὲ
2483 1496 2590 1548 τρο·

1564 1559 1745 1627 χόισᾳα.
1779 1560 2049 1631 πανήμερος
2090 1561 2221 1631 ἔῤῥει
2262 1560 2418 1630 λίμνη.
2466 1557 2593 1609 Bar·

1566 1637 1709 1691 thius
1736 1640 1893 1693 etiam
1922 1639 1991 1693 ad
2018 1638 2211 1693 Claud.
2238 1640 2429 1710 p.‘87o
2462 1637 2593 1690 citat

1565 1722 1820 1787 Nymphis.
1850 1720 1981 1772 Mira
2010 1738 2138 1773 vero
2162 1719 2364 1773 locutio
2388 1735 2403 1769 :
2432 1716 2593 1769 Unda

1570 1799 1806 1853 cucurrit
1828 1798 2022 1871 largior
2044 1798 2302 1871 Nymphis
2325 1800 2339 1851 !
2361 1800 2593 1865 Nympha

1564 1896 1663 1949 pro
1717 1881 1915 1946 lympha
1976 1879 2172 1948 passim
2224 1878 2507 1950 praefertur
2558 1894 2593 1929 a
2672 1888 2687 1897 ·

1566 1957 1931 2012 Brouckhusio
1968 1970 2020 2011 et
2058 1957 2292 2011 Heinsio.
2337 1956 2595 2011 Videatur

1568 2034 1657 2091 hic
1686 2036 1756 2091 ad
1782 2037 2104 2105 Her.V,31‚
2124 2038 2215 2090 ubi
2244 2038 2411 2091 nostri
2432 2036 2595 2090 etiam

1566 2116 1673 2171 loci
1718 2136 1825 2170 non
1865 2128 1943 2171 est
1982 2118 2197 2171 oblitus.
2238 2118 2409 2169 Etiam
2452 2116 2595 2188 apud

1568 2196 1754 2251 Horat.
1782 2196 1961 2251 Germ.
1988 2197 2076 2249 111
2100 2233 2118 2260 ,
2164 2197 2226 2250 13
2251 2234 2267 2263 ,
2314 2196 2407 2261 15,
2436 2195 2599 2248 Hein-

1569 2276 1679 2329 sius
1705 2277 1821 2329 vult
1850 2280 2119 2346 Nympha,
2137 2294 2248 2332 non
2268 2275 2599 2329 adsentiente

1569 2355 1823 2410 Bentleio.
1844 2357 2011 2410 Scan.
2035 2387 2107 2398 —-
2123 2363 2202 2409 Ac
2228 2359 2464 2424 Nymphis
2484 2374 2598 2408 om-

1570 2455 1664 2490 nes
1689 2436 1941 2490 exhibent
1968 2435 2091 2490 edd.
2130 2435 2292 2502 Quod
2326 2436 2373 2490 si
2404 2435 2595 2507 genui-

1572 2534 1703 2568 num
1724 2527 1801 2570 est
1818 2555 1835 2578 ,
1868 2519 2107 2584 Nymphis
2130 2516 2289 2569 tertio
2314 2534 2445 2570 casu
2464 2514 2601 2568 acei-

1571 2593 1826 2667 piendum
1854 2614 1967 2650 esse
1990 2597 2233 2662 arbitror,
2252 2608 2307 2649 et
2334 2592 2595 2668 Nymphae

1572 2675 1914 2729 nominantur
1935 2695 1964 2729 a
1988 2675 2172 2738 Poeta,
2194 2673 2341 2746 quod
2358 2673 2597 2728 Bacchus

1572 2772 1603 2807 a
1624 2754 1883 2828 Nymphis
1910 2755 2170 2810 educatus
2189 2755 2402 2821 dicitur,
2416 2772 2598 2826 ecque

1570 2834 1659 2887 hic
1688 2834 1941 2890 sistuntur
1966 2836 2039 2889 ita
2058 2873 2075 2900 ,
2106 2847 2167 2888 ut
2192 2835 2323 2906 fingi
2344 2834 2598 2906 pingique

1573 2915 1769 2980 solent,
1814 2933 1999 2968 urnam
2048 2913 2399 2969 effundentes.
2438 2910 2598 2964 Unde

1574 3011 1673 3046 nec
1687 2994 1823 3048 ratio
1846 2994 1947 3047 erit
1964 2993 2097 3058 ulla,
2117 3013 2213 3046 cur
2236 2993 2375 3046 forte
2392 2993 2595 3058 {staphis

1576 3072 1940 3143 reponendum
1966 3084 2234 3144 putemus.

1654 3170 1677 3204 1
1692 3170 1804 3221 127.
1834 3155 2045 3204 Inter-nis
2075 3153 2223 3204 etiam
2242 3154 2421 3221 procul
2448 3151 2595 3202 undi-

1577 3253 1673 3301 que
1695 3236 1759 3285 ab
1776 3235 1889 3286 oris.
1913 3239 2119 3286 Inter-na
2135 3231 2331 3304 ubique
2350 3251 2380 3285 a
2404 3230 2599 3284 Nostro

1575 3313 1776 3385 opponi
1807 3314 2059 3364 maritimis
2093 3313 2280 3365 solent.
2318 3309 2407 3364 Sic
2442 3329 2600 3363 versu

1583 3393 1715 3456 1284
1744 3392 1891 3444 :·Ut
1914 3391 2070 3446 simul
2098 3405 2152 3444 et
2182 3390 2359 3462 glauci
2386 3389 2596 3442 contin-

1576 3484 1667 3543 gat
1692 3471 1909 3544 gurgitis
1941 3485 2127 3525 aestum
2151 3509 2168 3535 ,
2200 3471 2267 3522 Et
2306 3467 2497 3542 procul
2522 3469 2601 3520 in-

1576 3563 1741 3605 terno
1764 3565 2032 3625 perreptet
2056 3554 2239 3625 jugera
2268 3562 2420 3602 terra
2438 3574 2481 3602 a.
2502 3547 2601 3600 Su·

1577 3632 1756 3702 spicor
1790 3631 1913 3685 hinc
1954 3631 2339 3703 oppositionem
2375 3647 2485 3683 esse
2528 3627 2601 3682 ud

1576 3711 1928 3783 praecedentia
1954 3732 2003 3766 v.
2032 3730 2055 3764 1
2070 3730 2199 3766 110:
2230 3737 2252 3759 ι
2272 3728 2485 3783 equore
2504 3727 2597 3761 ru·

1580 3791 1663 3843 bri
1689 3791 1933 3864 Tingitur
1970 3791 2245 3854 Oceani-3
2282 3799 2492 3860 poetam
2514 3805 2603 3842 au-

1578 3884 1685 3926 tem
1748 3871 2033 3926 adfirmare
2050 3907 2067 3934 ,
2118 3889 2229 3925 non
2273 3882 2487 3922 tantum
2532 3885 2597 3920 ex

1580 3954 1858 4013 maritimis,
1884 3949 1976 4003 sed
2004 3961 2057 4004 et
2084 3953 2289 4003 internis
2320 3948 2427 4003 oris
2459 3965 2600 4002 amo·

1579 4048 1725 4083 mum
1771 4030 1977 4084 illatum
2004 4049 2021 4084 t
2074 4035 2277 4084 internis
2326 4047 2449 4100 ergo
2502 4025 2623 4078 mi·-

1578 4108 1720 4160 nime
1749 4108 2063 4163 mutandum
2090 4115 2145 4164 iu
2182 4112 2429 4166 extemis,
2476 4105 2599 4158 iicet
