2996 4685
404 417 1148 452 :mnmmmmw
1153 419 1947 442 munummmmm
1954 421 2316 442 mmmm
2322 424 2536 445 mm„

1333 459 1343 472 ι

880 684 1860 806 EXCURSUS
1950 688 2063 804 V
2190 684 2202 699 '

539 984 668 1050 AD
721 983 1039 1052 DESCR.
1089 979 1354 1048 ORBIS
1403 975 1763 1057 TERRAE,
1810 997 1905 1042 VS.
1955 970 2093 1071 589
2143 991 2211 1044 et
2262 975 2421 1073 590.

1652 1221 1716 1229 “-

777 1484 1356 1502 .................
1383 1443 1590 1516 adjacet
1608 1443 1849 1496 Haemum

767 1532 1016 1586 Partibus
1043 1533 1110 1585 ab
1131 1529 1362 1603 Zephyri
1383 1527 1617 1581 Dodone
1642 1526 1773 1582 vatis
1795 1527 2057 1580 alumnus.

507 1701 581 1764 In
635 1701 909 1764 lectione
961 1699 1156 1780 hujus
1207 1720 1432 1762 versus
1485 1692 1943 1760 constituenda
1990 1694 2267 1784 ambigo.
2334 1698 2552 1788 Higtio

423 1799 686 1888 quidem
714 1799 1008 1864 adsentio
1027 1848 1044 1881 ‚
1065 1800 1178 1886 qui
1207 1797 1589 1880 conjiciebat
1620 1795 1917 1875 Dodone,
1950 1819 2075 1884 qua
2104 1819 2223 1884 pro
2250 1800 2555 1864 termina-

423 1903 600 1976 tione
636 1901 854 1965 Graeca
893 1901 1045 1964 facit
1083 1901 1322 1964 Lucan.
1361 1901 1494 1980 111,
1540 1900 1703 1978 4413
1741 1895 1962 1961 Claud.
2002 1897 2100 1960 ΙΙΙ
2150 1898 2344 1963 Cous.
2380 1901 2551 1964 Hon.

432 2025 582 2088 1173
615 2003 782 2066 Plin.
821 2004 886 2088 1,
931 2025 1084 2084 120,
1129 2006 1205 2081 14
1241 2001 1392 2089 (lib.
1441 2001 1541 2082 ΙΙ,
1584 2023 1640 2064 c.
1696 1997 1883 2086 103).
1926 1999 2011 2062 Et
2052 1999 2137 2062 ita
2185 1999 2251 2062 in
2288 2002 2553 2066 Anthol.

424 2102 558 2166 Lat.
580 2103 768 2166 Tom.
793 2091 894 2184 Is,
917 2125 981 2190 p.
1007 2100 1156 2191 547,
1180 2102 1564 2166 auctoritate
1584 2099 1886 2165 codicum
1904 2098 2007 2163 edi
2026 2099 2323 2166 debebat.
2352 2103 2559 2168 Porro

425 2204 682 2292 Higtius
698 2204 984 2268 tentabat
1001 2203 1265 2268 Dodone
1269 2205 1507 2290 μαινίδ’,
1526 2203 1567 2266 i.
1594 2225 1650 2266 e.
1674 2201 1707 2264 J
1709 2201 1847 2265 ovis
1858 2249 1877 2282 ,
1896 2199 2185 2266 alumna.
2204 2201 2369 2266 Mihi
2390 2205 2558 2268 varia

423 2320 796 2371 occurrunt.
834 2335 860 2361 ιι
879 2302 1155 2370 Dodone
1185 2305 1360 2369 Vatis
1387 2305 1648 2368 alumna
1668 2334 1717 2386 n,
1749 2303 1815 2368 h.
1850 2326 1909 2369 e.
1943 2302 2137 2368 Iovis.
2170 2304 2337 2369 Item
2368 2335 2394 2361 ι
2420 2307 2557 2371 Do-

424 2404 610 2471 donae
649 2410 848 2486 mitis,
895 2407 1060 2471 dives
1073 2455 1096 2487 ‚
1137 2422 1400 2487 vastus,
1447 2406 1683 2469 multus
1714 2406 2019 2469 alumnus
2040 2436 2088 2470 vo.
2124 2406 2305 2471 Nihil
2341 2423 2557 2483 tamen

424 2509 664 2572 horum
689 2510 812 2596 ipsi
839 2509 996 2572 mihi
1022 2509 1341 2573 satisfacit.
1373 2508 1569 2572 Scan.
1596 2545 1684 2557 —
1712 2505 1921 2590 Quid,
1949 2508 2003 2571 si
2027 2509 2232 2597 legas:
2272 2540 2297 2564 «
2315 2509 2562 2591 adjacet

427 2610 724 2673 Haemum
750 2608 1045 2673 Partibus
1067 2632 1105 2672 a
1131 2609 1412 2697 Zephyri
1444 2607 1725 2673 Dodone
1756 2609 1941 2671 sortis
1962 2608 2269 2673 alumna?
2287 2642 2311 2665 υ
2342 2611 2556 2677 WAss.

426 2746 514 2759 —
541 2710 680 2799 Ego
710 2710 918 2774 missis
951 2710 1258 2773 omnibus
1295 2709 1685 2789 conjecturis
1718 2710 1935 2772 locum
1969 2708 2149 2773 hunc
2182 2733 2317 2773 non
2356 2714 2559 2775 corri-

427 2808 744 2899 gendum,
777 2809 892 2893 sed
925 2808 1486 2897 interpretandum
1519 2831 1787 2889 censeo,
1817 2825 1883 2872 et
1913 2809 2211 2873 existimo
2240 2813 2559 2877 Avienum

427 2910 536 2975 hic
577 2909 932 2975 deseruisse
957 2910 1364 2999 ,Dionysium
1383 2959 1402 2991 ‚
1456 2926 1522 2973 et
1567 2933 1687 2998 pro
1722 2909 2101 2997 Thesprotia
2121 2958 2139 2991 ‚
2185 2911 2286 2975 vel
2318 2917 2565 3003 regione

428 3012 760 3094 Dodones,
797 3029 873 3076 ut
900 3012 1297 3088 Priscianus,
1325 3035 1383 3076 v.
1424 3014 1590 3092 444,
1625 3010 1957 3098 exprimit,
1997 3027 2286 3075 montem
2320 3015 2561 3079 Toma-

431 3135 604 3192 rum‚
652 3114 752 3178 vel
803 3114 1139 3195 Tmarum,
1181 3112 1545 3179 describere
1562 3161 1581 3194 ‚
1626 3112 1695 3175 in
1744 3134 1877 3199 quo
1920 3110 2195 3176 Dodona
2246 3114 2563 3203 oppidum

431 3214 587 3295 fuit,
612 3236 687 3277 ac
711 3236 914 3302 prope
943 3237 1174 3279 nemus
1207 3232 1271 3279 et
1303 3216 1621 3303 templum
1651 3214 2117 3301 oraculumque
2145 3217 2316 3281 Iovis
2349 3218 2567 3283 Dodo-

434 3317 590 3398 naei,
634 3332 934 3405 praeterea
982 3318 1146 3381 circa
1198 3316 1440 3382 radices
1492 3334 1757 3383 centum
1800 3318 2012 3381 fontes
2056 3318 2373 3382 celebrati.
2412 3320 2559 3387 Vid.

437 3418 703 3499 Strabo,
742 3418 894 3497 VII,
934 3442 998 3506 p.
1053 3418 1208 3498 328,
1254 3419 1354 3482 vel
1399 3416 1523 3483 505
1576 3419 1743 3483 Alm.
1786 3418 1952 3482 Plin.
1991 3416 2103 3499 IV,
2146 3440 2201 3482 c.
2257 3442 2320 3500 13
2358 3420 2561 3487 Solin.

427 3544 564 3609 cap.
609 3520 770 3601 VII,
813 3542 874 3607 p.
928 3521 1026 3583 16.
1062 3519 1416 3585 Tomarum
1465 3538 1757 3585 montem
1801 3541 1922 3607 pro
1965 3519 2230 3607 regione
2269 3520 2563 3588 Dodonae

427 3624 646 3713 posuit
678 3624 998 3705 Avienus,
1035 3622 1187 3709 quia
1217 3623 1557 3687 nominato
1588 3638 1739 3685 ante
1774 3624 2035 3702 Haemo,
2068 3623 2413 3687 commode
2442 3627 2565 3692 sibi

428 3726 698 3789 transire
733 3724 817 3787 ab
863 3746 1000 3787 uno
1037 3741 1260 3788 monte
1312 3724 1396 3789 ad
1445 3724 1719 3788 alterum
1760 3721 2135 3805 videbatur,
2188 3741 2252 3788 et
2290 3726 2565 3793 Dodona

429 3828 562 3914 ipsa
581 3825 813 3912 saepius
832 3824 960 3888 hoc
979 3842 1204 3889 monte
1227 3826 1547 3915 designari
1572 3843 1637 3890 et
1660 3824 1935 3891 describi
1958 3826 2139 3891 solet.
2166 3827 2563 3917 Stephanus:

429 3938 651 4006 Τόμαρος
677 3937 780 4006 ὅρος
807 3930 1078 3995 Δωδώνης·
1121 3925 1380 3990 Dodone
1419 3928 1655 3991 Tmaro
1689 3926 1855 3989 celsa
1900 3941 2017 4005 est,
2059 3928 2273 4016 inquit
2306 3930 2564 3996 Solinus

427 4031 470 4095 l.
515 4053 570 4094 c.
611 4028 792 4094 Celsa
823 4028 1014 4091 etiam
1063 4027 1304 4093 idcirco
1344 4047 1613 4095 vocatur
1646 4030 1999 4096 Claudiano
2030 4032 2123 4095 111
2160 4032 2354 4097 Cons.
2391 4037 2561 4099 Hon.

441 4156 466 4195 1
485 4154 586 4220 17,
610 4148 675 4195 et
702 4130 1029 4195 Licentius
1057 4152 1252 4197 carm.
1283 4131 1364 4196 ad
1392 4134 1665 4223 August.
1695 4158 1753 4199 v.
1782 4133 1941 4198 123:
1967 4164 1991 4188 α
2012 4133 2283 4198 Finibus
2308 4134 2564 4198 abscin-
