2996 4685
524 361 664 460 376
1205 361 1773 431 Excunsus
1838 364 1955 430 111

523 483 786 549 camur?
806 480 1180 572 Legendum
1201 504 1216 544 ε
1241 481 1470 546 «Nilus
1500 497 1564 544 et
1591 483 1939 546 immensos
1974 484 2202 548 limum
2239 483 2549 576 dispergit
2580 487 2655 550 in

522 609 738 676 agros,
767 585 850 648 Et
884 585 1060 648 fovet
1095 584 1348 647 invecto
1380 601 1513 647 sata
1548 585 1863 673 gurgite».
1896 584 2073 650 Nihil
2114 587 2517 675 frequentius
2566 587 2659 652 de

523 685 760 767 fluviis,
793 701 866 750 ut
894 685 1060 749 Plin.
1089 685 1167 768 V,
1205 707 1304 770 19,
1339 684 1421 748 de
1457 683 1825 749 Maeandro:
1850 716 1873 738 α
1896 687 2278 775 Omnesque
2312 708 2424 752 eos
2458 709 2653 776 agros

519 788 914 852 fertilissimo
965 786 1179 877 rigans
1230 786 1386 849 limo
1409 816 1454 848 n.
1484 788 1699 872 Atque
1734 783 1897 849 adeo
1942 785 2025 850 de
2071 786 2224 850 Nilo
2267 784 2525 849 Servius
2564 783 2653 847 ad

525 891 759 978 Georg.
808 889 920 970 IV,
961 909 1080 974 291
1109 910 1124 950 :
1153 887 1454 951 «Novum
1496 886 1673 952 enim
1717 909 1973 977 semper
2005 888 2234 952 limum
2270 886 2505 966 trahit,
2530 887 2653 974 qui

494 993 497 996 ’
525 989 722 1054 efficit
757 987 1252 1068 fecunditatem,
1282 987 1460 1051 unde
1493 1003 1559 1051 et
1574 987 1761 1052 Nilus
1778 985 1991 1053 dictus
2014 1005 2147 1070 est,
2176 988 2359 1078 quasi
2390 999 2499 1051 νέαν
2526 999 2653 1064 ἰλὺν,

523 1091 588 1154 h.
605 1112 662 1154 e.
685 1112 930 1154 novum
949 1088 1178 1152 limum
1200 1089 1493 1152 trahens:
1523 1111 1675 1151 nam
1707 1105 1895 1152 antea
1912 1089 2099 1154 Nilus
2114 1090 2341 1154 Latine
2361 1090 2529 1154 Melo
2556 1087 2653 1152 di-

521 1189 844 1255 cebatur».
866 1187 1049 1253 Idem
1075 1186 1156 1251 ad
1173 1186 1322 1252 AEn.
1344 1189 1473 1268 IX,
1501 1187 1615 1253 31:
1643 1220 1667 1242 α
1687 1189 1874 1253 Nilus
1903 1190 2113 1255 dictus
2146 1208 2276 1270 est,
2306 1213 2369 1279 q.
2391 1204 2501 1254 viam
2528 1202 2650 1265 ἰλὺν,

518 1292 584 1356 11.
631 1315 685 1355 e.
723 1313 969 1354 novum
1020 1289 1249 1353 limum
1290 1290 1581 1370 trahens3
1622 1288 1803 1378 quod
1834 1293 2057 1355 volens
2093 1295 2450 1381 exprimere
2485 1290 2651 1355 dixit

432 1465 438 1472 ,
505 1396 741 1482 pingui
735 1392 1054 1479 flumine,
1076 1392 1119 1455 i.
1143 1413 1199 1454 e.
1231 1391 1438 1455 fluore
1455 1439 1474 1473 ,
1495 1413 1640 1479 quae
1667 1414 1769 1454 res
1794 1392 2137 1457 fecundam
2161 1393 2357 1458 efficit
2374 1411 2647 1458 terram:

517 1492 700 1581 quod
727 1509 792 1557 et
815 1493 950 1580 ipse
978 1493 1048 1556 in
1075 1493 1407 1580 Georgicis
1440 1493 1727 1558 ostendit
1756 1493 1999 1575 dicens,
2031 1497 2114 1576 ΙΙ,
2140 1495 2296 1582 187:
2318 1495 2651 1581 «Liquum

518 1611 627 1660 tur
677 1594 1008 1658 montibus
1059 1616 1315 1673 amneS,
1351 1593 1767 1681 Felicemque
1818 1594 2088 1660 trahunt
2145 1595 2372 1660 limum
2396 1627 2442 1660 n.
2477 1597 2649 1659 Item

518 1697 755 1786 Georg.
784 1695 895 1777 IV,
925 1715 1043 1780 291
1070 1717 1086 1758 ε
1111 1694 1236 1757 «Et
1266 1693 1539 1758 viridem
1567 1693 1926 1783 AEgyptum
1962 1695 2139 1784 nigra
2176 1695 2650 1761 fecundatare-

517 1821 600 1864 na
617 1829 663 1862 ι».
711 1796 808 1861 Ad
846 1818 954 1860 eos
1005 1797 1116 1885 qui
1155 1818 1395 1860 nomen
1435 1795 1588 1860 inde
1632 1795 1969 1873 duxerint,
2005 1794 2602 1886 pertinet'Nonnus
2626 1846 2647 1878 ,

515 1900 634 1980 ΠΙ,
661 1921 724 1987 p.
763 1920 918 1962 100:
949 1908 1167 1980 Χςίματι
1193 1907 1438 1964 nulium
1465 1911 1573 1964 νέην
1601 1905 1949 1980 melfiam-crat
1979 1909 2124 1962 εἰλὺν.
2157 1900 2327 1962 Hinc
2360 1899 2658 1964 οόἶὺηαῖἱ

513 2003 663 2090 agri
691 1998 862 2088 apud
899 2001 1098 2064 Cicer.
1137 1999 1218 2062 de
1255 2002 1430 2064 Orat.
1484 2001 1550 2063 ΙΙ
1567 2047 1585 2081 ,
1622 1999 1724 2063 52.
1768 1998 2040 2063 Illustris
2089 2016 2154 2064 et
2190 2002 2649 2090 'perappositus

517 2119 612 2166 est
659 2102 900 2166 Malleti
953 2101 1135 2166 locus
1189 2102 1338 2165 ltin.
1389 2102 1559 2166 Part.
1600 2101 1666 2180 1,
1706 2125 1768 2188 p.
1811 2101 1932 2182 62,
1972 2124 2167 2190 quem
2210 2100 2649 2190 sablonskyus

511 2203 712 2267 latine·
736 2203 929 2268 vertit
972 2204 1204 2267 Panth.
1239 2201 1384 2291 AEg.
1432 2205 1602 2266 Part.
1637 2204 1736 2285 11,
1768 2227 1835 2292 p.
1880 2203 2021 2290 167.
2056 2203 2121 2268 Si
2160 2226 2339 2266 nunc
2373 2224 2647 2292 quoque

514 2303 807 2383 dubium,
838 2304 1084 2391 inspice
1105 2303 1370 2391 Dionys.
1403 2323 1570 2389 229:
1605 2314 1731 2366 oflr’
1770 2313 1868 2367 ἰλὺν
1911 2314 2117 2379 βαλέειν,
2152 2313 2263 2367 οὔτι
2297 2315 2461 2382 χθονὸς
2498 2311 2643 2367 &Geso

511 2416 688 2483 ἀέξειν·
719 2422 785 2469 et
834 2406 1030 2471 Prisc.
1084 2406 1248 2469 218:
1286 2408 1550 2492 «Atque
1591 2405 1854 2470 trahens
1904 2406 2130 2469 limum
2190 2406 2646 2493 complectitur

509 2508 712 2570 ubere
749 2528 1010 2593 campos
1036 2538 1094 2588 n,
1125 2506 1242 2569 ubi
1273 2506 1436 2571 male
1468 2507 1552 2570 N.
1592 2507 1897 2573 Heinsius
1934 2506 2223 2573 tentabat
2256 2507 2407 2571 limo
2432 2532 2455 2571 .·
2489 2530 2645 2571 nam

507 2608 828 2673 refutatur
857 2607 1218 2672 imitatione
1237 2609 1556 2689 Maronis,
1590 2610 1829 2699 Georg.
1862 2610 1956 2703 Ῑζ,
1998 2608 2117 2674 188
2144 2632 2159 2675 :
2187 2640 2211 2665 κ
2230 2610 2645 2697 Felicemque

507 2709 706 2775 trahit
737 2710 1054 2791 limum»;
1083 2732 1278 2797 quem
1314 2724 1631 2797 sequutus
1667 2710 1823 2776 item
1864 2710 1946 2774 de
1983 2733 2164 2775 more
2194 2712 2356 2775 Just.
2392 2711 2503 2775 lib.
2538 2712 2641 2793 11,

512 2834 540 2877 1
570 2835 585 2875 :
610 2812 780 2876 «sive
811 2810 944 2875 Nili
976 2811 1287 2875 trahentis
1325 2810 1617 2875 limum».
1648 2812 1747 2875 Cf.
1788 2813 1961 2876 Serv.
1996 2811 2037 2875 l.
2072 2812 2114 2877 l.
2146 2812 2645 2896 Seium—Quod

505 2933 664 2999 pace
715 2933 1098 3000 magnorum
1126 2912 1417 2976 virorum·
1470 2911 1609 2995 fiat,
1635 2913 1747 2999 qui
1781 2936 1901 3000 pro
1934 2914 2201 3003 antiqua
2232 2914 2510 2979 lectione
2538 2914 2644 2977 ul-

505 3032 658 3074 nam
681 3011 892 3098 aptius
913 3012 1300 3076 vocabulum
1327 3011 1637 3077 inducere
1654 3014 2004 3078 voluerunt
2021 3063 2040 3095 ‚
2064 3015 2273 3081 sentio
2302 3016 2603 3103 equidem
2620 3065 2637 3096 ,

505 3110 848 3175 lectionem
885 3134 1027 3175 eam
1060 3112 1210 3175 satis
1245 3112 1658 3177 commodam
1709 3130 1773 3178 et
1824 3114 2219 3179 tolerabilem
2260 3138 2432 3201 esse;
2460 3118 2639 3205 posi-

506 3226 768 3300 tamque
797 3233 935 3275 esse
952 3212 1171 3275 ulnam
1188 3235 1307 3301 pro
1334 3212 1865 3296 abundantia‚vel
1890 3216 2294 3282 incremento
2316 3241 2637 3305 aquarum

505 3310 660 3397 Nili·
685 3312 767 3377 ad
808 3312 1046 3392 justam
1104 3337 1474 3379 mensuram
1522 3314 1963 3397 ascendentis,
1992 3340 2136 3404 quae
2168 3318 2637 3383 fecunditatem

503 3410 790 3501 AEgypto
837 3414 1174 3479 inferebat.
1210 3416 1422 3498 Hujus
1458 3438 1814 3497 mensurae,
1848 3442 1994 3506 quae
2024 3441 2143 3507 per
2174 3421 2433 3485 cubitos
2468 3420 2639 3485 indi-

501 3512 632 3575 oeri
665 3514 942 3597 solebat,
967 3518 1238 3581 solenne
1263 3510 1655 3583 vocabulum
1692 3535 1827 3583 erat
1852 3519 2006 3585 ulna
2027 3521 2129 3585 vel
2150 3523 2397 3587 cubitus
2412 3570 2431 3604 ,
2456 3522 2637 3589 Grae-

503 3612 592 3675 cis
621 3624 858 3695 ὄπῆχυς,
877 3615 1254 3704 solebatque
1285 3640 1358 3681 ea
1393 3641 1611 3683 annua
1633 3619 2001 3685 celebritate
2030 3639 2097 3686 et
2116 3623 2369 3689 solenni
2395 3647 2633 3713 pompa

501 3711 738 3777 deferri
767 3730 834 3777 et
857 3714 1175 3780 adservari
1204 3719 1272 3782 in
1301 3719 1623 3810 Serapidis
1658 3723 1921 3811 templo,
1951 3739 2014 3787 et
2044 3742 2195 3811 post
2222 3726 2631 3790 Constantini

499 3812 721 3902 Magni
759 3832 1048 3904 tempora
1082 3819 1148 3883 in
1186 3823 1449 3887 ecclesia
1483 3822 2019 3888 Christianorum.
2063 3825 2185 3889 Adi
2214 3829 2345 3891 Jac.
2378 3826 2635 3892 Gotho·

501 3912 760 3979 fredum
811 3916 892 3981 ad
946 3918 1106 3985 cod.
1134 3922 1380 3990 Theod.
1428 3922 1538 3987 lib.
1585 3924 1714 4008 lx,
1742 3926 1839 3990 tit.
1891 3924 1967 3989 31
2020 3925 2100 3989 de
2132 3926 2281 3993 Nzli
2306 3950 2528 4015 agger.
2564 3944 2631 3991 et

498 4012 851 4100 Jahlonsky
883 4017 1113 4085 Panth.
1145 4018 1290 4111 AEg.
1333 4024 1502 4088 Part.
1538 4024 1633 4105 11,
1670 4048 1815 4113 pag.
1859 4049 1967 4112 ¹7·
2012 4043 2075 4088 et
2109 4030 2236 4105 240
2268 4050 2404 4115 seq.
2443 4027 2632 4091 Lice-

497 4106 609 4179 bat
659 4116 858 4205 igitur
901 4120 1148 4186 Avieno
1201 4138 1436 4189 certam
1490 4122 1850 4190 ubertatem
1906 4128 2037 4192 Nili
2094 4126 2313 4195 ulnam
2374 4128 2587 4203 dicere
2608 4178 2629 4212 ,
