2996 4685
768 410 1384 477 DESCRIPTIO
1446 410 1745 478 ORBIS
1811 411 2179 479 TERRAE.

2398 411 2537 510 339

511 538 696 603 Inter
731 534 1146 628 gemmiferas
1183 533 1501 605 excrescit
1540 532 1775 601 creber
1813 530 2067 601 arenas·

509 646 686 714 Hinc
724 644 1063 740 Babylona
1107 669 1328 739 super,
1365 644 1644 737 geminae
1682 667 1803 737 pro
1840 642 2086 712 finibus
2127 647 2345 733 Ursae,

511 755 678 825 Cissi
719 755 1240 848 Messabataeque
1275 769 1342 821 et
1379 752 1734 823 Chalonita
1771 767 2114 849 vagantur.

615 870 699 934 At
731 888 992 934 rursum
1026 866 1356 934 Armeniae
1391 864 1445 931 si
1488 864 1641 956 quis
1677 862 1845 955 pede
1884 878 2119 957 pergat
2149 864 2231 933 ab
2260 892 2409 936 arce
2442 906 2542 933 nto

512 974 754 1068 Rupis,
791 990 860 1043 et
893 978 1068 1045 ans
1109 998 1404 1069 gressum
1444 972 1773 1067 producat
1808 974 1877 1043 in
1914 998 2094 1058 oraS,

509 1083 771 1155 Medica
806 1082 1100 1179 prolixos
1136 1083 1466 1178 spectabit
1502 1106 1706 1176 regna
1741 1106 1861 1175 per
1896 1106 2110 1177 agros.

509 1198 768 1264 Horum
813 1197 928 1291 qui
971 1193 1173 1289 gelidi
1212 1193 1580 1263 succedunt
1614 1192 1909 1287 plaustra
1946 1194 2203 1280 Bootis,

507 1304 794 1399 Pinguia
839 1331 996 1374 rura
1032 1319 1294 1373 tenent:
1330 1318 1486 1372 sunt
1526 1301 1664 1372 illic
1700 1305 2132 1397 Atropateni‚

509 1417 681 1484 Sunt
712 1414 864 1485 Geli
901 1430 966 1483 et
1001 1414 1252 1484 Mardi.
1281 1412 1613 1508 Tepidum
1646 1413 1762 1505 qui
1794 1437 2023 1482 rursus
2052 1414 2136 1493 qd
2175 1418 2491 1486 Austrum

510 1526 716 1593 Oram
760 1524 1100 1611 habitant,
1151 1524 1478 1619 Scythicae
1516 1521 1855 1591 deducunt
1890 1524 2145 1597 semina
2181 1528 2411 1620 gentiS.
2442 1554 2543 1591 mo

509 1636 682 1706 Nam
717 1636 954 1705 Medea
994 1635 1180 1705 ferox
1223 1634 1354 1703 fuit
1387 1632 1537 1703 ollis
1573 1634 1917 1727 sanguinis
1953 1650 2205 1707 auctor.

506 1750 664 1814 Haec
699 1772 906 1841 quum
945 1746 1311 1817 Pandionis
1351 1744 1561 1814 letum
1599 1760 2030 1837 componeret
2066 1744 2270 1831 aulae,

412 1929 518 1977 sida
560 1931 734 1983 vertit.
772 1930 910 1983 Nam
949 1930 1163 2001 ophiten
1205 1931 1431 2004 lapidem

411 2011 662 2081 intelligi,
687 2023 738 2063 et
770 2012 1085 2083 Dionysium
1111 2012 1278 2075 velle,
1299 2012 1432 2062 intra

413 2110 533 2144 eum
597 2088 818 2163 lapidem
883 2090 1144 2163 beryllum
1201 2089 1434 2161 reperiri.

411 2164 618 2239 ὀφιτὶτης
661 2190 722 2225 ex
769 2175 880 2246 ejus
929 2170 1186 2224 sententia
1227 2171 1429 2237 poetice

407 2248 600 2303 dicitur
626 2269 726 2321 pro
753 2250 914 2317 ὀφίτης
933 2289 947 2313 ,
991 2248 1082 2319 qui
1108 2266 1302 2301 nomen
1337 2249 1430 2301 ha-

405 2330 497 2382 bet
533 2349 562 2382 e
598 2330 921 2402 serpentium
961 2328 1208 2392 maculis,
1243 2340 1302 2381 ut
1341 2348 1427 2380 πο-

407 2408 566 2469 λιήτης
591 2428 687 2480 pro
712 2407 925 2468 πολίτης.
947 2409 1048 2462 W.

483 2505 638 2555 1209.
662 2490 799 2540 Cassi
823 2493 1224 2556 Man-agamque
1243 2502 1292 2538 ee
1318 2492 1428 2537 Ma·

406 2570 606 2620 chiama
630 2580 890 2634 vagantur
909 2565 1048 2617 Ven.
1087 2578 1136 2614 et
1167 2567 1427 2616 Chaloniea

407 2660 670 2713 vagamur
687 2645 825 2696 Pith.
850 2647 974 2695 Cissi
992 2647 1363 2711 Massabeeeque
1381 2659 1431 2694 ec

411 2726 671 2776 cholonica
703 2724 861 2795 Cusp.
891 2727 1185 2775 Messabatoe
1215 2726 1430 2775 Camers

407 2801 478 2856 ad
513 2803 675 2858 Prisc.
702 2805 826 2872 939.
855 2801 996 2856 Hinc
1028 2804 1152 2852 Cissi
1174 2806 1428 2852 Μαι-αὐα-

379 2933 384 2940 ,
407 2897 550 2950 teque
576 2898 626 2934 et
660 2885 918 2935 Chaloniea
947 2879 1084 2934 Vad.
1109 2891 1162 2933 et
1187 2879 1238 2930 H
1242 2879 1429 2932 udson.

408 2963 500 3017 sed
525 2960 854 3016 Schraderus
889 2961 944 3012 in
980 2960 1094 3012 sch.
1121 2959 1237 3012 vult
1259 2977 1432 3030 graeco

405 3041 852 3096 accommodatius
889 3039 1115 3094 scribere
1153 3040 1276 3091 Cissi
1303 3043 1434 3091 Mes·

407 3127 691 3190 sabata-que
721 3124 1086 3188 Chalonitoeqae
1109 3133 1387 3188 vagantur.

488 3218 638 3254 1211.
672 3204 899 3251 Pmducic
930 3203 980 3250 in
1015 3219 1131 3249 oras
1163 3201 1328 3271 Cusp.
1355 3217 1432 3250 re-

411 3281 548 3332 ctius
573 3277 715 3331 vad.
744 3289 797 3331 et
833 3277 967 3329 Pith.
986 3279 1262 3344 producat,
1307 3295 1432 3330 cum

409 3356 645 3428 reliquis.

488 3453 639 3489 1212.
689 3436 933 3502 Spectabis
981 3434 1145 3505 Cusp.
1195 3448 1248 3485 et
1289 3431 1430 3485 Pith.

410 3518 642 3585 spectabit
659 3512 800 3567 vad.
828 3525 880 3566 et
910 3512 1076 3564 Huds.
1100 3531 1223 3566 cum
1249 3510 1433 3564 codice

408 3596 575 3650 ortel.

485 3681 642 3739 1214.
673 3679 796 3726 Sunt
818 3674 920 3724 illic
942 3672 1251 3738 Atrapateni.
1279 3672 1435 3721 Atro·

407 3750 588 3826 patim,
613 3771 732 3824 quse
755 3749 946 3804 Media
969 3768 1093 3822 pars
1117 3761 1223 3815 est,
1245 3747 1435 3800 memi-

408 3831 488 3884 nit
508 3832 697 3884 Strabo
719 3843 770 3882 et
794 3830 932 3882 Plin.
955 3829 1164 3880 Ona-n..
1183 3857 1255 3867 -
1275 3833 1435 3895 Agro-

399 3913 570 3980 piceni
591 3911 727 3962 Ven.
761 3909 1070 3975 Acrapateni
1100 3907 1264 3977 Cusp.
1287 3914 1435 3956 Aera-

401 3993 578 4059 paoeni
594 3987 734 4042 vad.
768 3989 1061 4055 Aeropatsm'
1087 3985 1223 4038 Pith.
1245 4003 1432 4038 secun-

408 4068 540 4123 dum
562 4067 719 4119 Dion.
1255 4111 1262 4118 ,
1423 4106 1430 4112 .

488 4149 640 4200 1215.
666 4150 791 4196 Sunt
817 4145 963 4196 Gerri
999 4159 1046 4194 ee
1080 4146 1275 4224 Mas-da·
1303 4143 1436 4196 Ven.

1523 1929 1659 1983 Pith.
1710 1945 1759 1983 et
1804 1930 2041 1985 Hudson.
2098 1937 2208 1983 Geli
2262 1949 2307 1985 et
2374 1940 2545 1997 Mardi

1522 2009 1831 2081 Cuspinian.
1874 2014 2018 2063 Gen-i
2058 2026 2105 2062 ee
2120 2016 2289 2063 Mardi
2322 2012 2454 2071 vad.
2490 2029 2549 2069 et

1522 2090 1598 2142 sic
1622 2091 1779 2143 etiam
1798 2088 2080 2161 legendum
2103 2104 2281 2144 censet
2302 2092 2542 2151 Hudson.

1526 2172 1701 2221 Gerr-ki
1709 2169 1923 2241 quidem
1940 2188 2008 2221 ex
2025 2166 2348 2239 quibusdam
2362 2171 2547 2242 Msptis

1518 2248 1761 2321 Dionysii
1794 2247 2009 2319 legitur,
2045 2246 2137 2301 sed
2186 2253 2299 2301 Geli
2327 2251 2542 2315 rectius,

1520 2324 1664 2398 quod
1712 2328 2016 2382 Priscianus
2058 2328 2323 2402 expressit.
2376 2332 2545 2403 Igitur

1520 2407 1897 2478 Cuspinianum
1921 2427 2129 2478 sequor.

1594 2505 1745 2556 1217.
1772 2491 1953 2539 Medea
1964 2491 2129 2554 sema·
2146 2490 2253 2556 suit
2288 2491 2398 2541 ollis
2433 2510 2544 2544 san·

1512 2570 1677 2636 guinis
1716 2583 1908 2620 auctor.
1940 2569 2040 2623 Per
2081 2566 2297 2620 Medum
2344 2568 2511 2622 filium
2528 2611 2545 2638 ,

1516 2665 1676 2721 quem
1698 2646 1785 2698 alii
1809 2665 1873 2698 ex
1887 2650 2093 2716 AEgaeo,
2110 2645 2439 2700 Athenarum
2456 2668 2541 2703 re-

1518 2743 1583 2795 ge
1604 2765 1620 2790 ,
1664 2724 1756 2776 alii
1793 2743 1822 2776 e
1848 2721 2084 2794 quodam
2110 2725 2243 2776 Asiae
2278 2744 2404 2798 rege
2433 2747 2546 2782 sus-

1520 2814 1729 2874 ceptum
1751 2839 1766 2864 ,
1816 2813 1938 2873 post
1986 2802 2043 2853 in
2088 2801 2257 2854 Medis
2302 2820 2545 2876 regnasse

1520 2881 1712 2933 ferunt.
1735 2879 1949 2934 Diodor.
1971 2879 2073 2932 Sic.
2094 2880 2185 2933 lib.
2204 2881 2306 2946 IV,
2325 2902 2381 2954 p.
2406 2887 2510 2939 258
2528 2928 2544 2952 ,

1519 2961 1604 3014 ed.
1620 2959 1792 3014 Rhod.
1814 2960 2004 3013 sustin.
2026 2961 2206 3023 XLII,
2234 2981 2262 3013 2
2279 2999 2297 3026 ‚
2332 2982 2414 3017 η.
2437 2966 2543 3019 Alii

1520 3039 1893 3094 Achemenem
1916 3037 2113 3092 Medeae
2158 3058 2221 3093 ex
2264 3044 2442 3114 AEgoeo
2484 3046 2544 3098 fi-

1520 3119 1677 3186 lium,
1699 3121 1792 3174 alii
1816 3120 2011 3172 Persen
2040 3119 2201 3173 fuisse
2226 3122 2443 3176 tradunt
2460 3163 2475 3187 ‚
2510 3145 2540 3180 a

1520 3200 1711 3272 quihus
1734 3198 1932 3252 Persici
1960 3218 2108 3271 reges
2138 3201 2258 3253 orti.
2282 3200 2544 3255 Videatur

1521 3281 1735 3334 Salmas.
1763 3275 1833 3330 ad
1851 3279 1961 3331 Sol.
1986 3297 2037 3349 p.
2066 3277 2185 3330 833.
2205 3278 2393 3332 Medos
2414 3281 2543 3335 olim

1522 3359 1675 3411 Arios
1710 3368 1954 3421 vocatos,
1995 3355 2089 3410 sed
2112 3357 2220 3408 ubi
2253 3357 2441 3414 Medea
2482 3378 2543 3413 ex

1522 3435 1741 3488 Athenis
1770 3437 1839 3488 ad
1862 3455 1951 3488 eos
1971 3435 2229 3489 concessit
2244 3473 2260 3498 ‚
2288 3437 2427 3508 ipsos
2449 3459 2545 3494 no-

1522 3533 1645 3566 men
1668 3533 1823 3566 suum
1846 3515 2151 3568 immutasse
2174 3513 2331 3568 tradit
2348 3516 2543 3574 Herod.

1524 3593 1658 3656 VII,
1696 3596 1781 3645 62.
1806 3593 1908 3647 W.

1598 3673 1750 3724 1218.
1774 3677 1893 3722 Hoec
1919 3691 2066 3738 quum
2096 3676 2369 3726 Pandionis
2404 3681 2547 3732 lenem

1522 3765 1832 3818 componeret
1875 3755 2023 3802 aulae.
2082 3752 2548 3816 Quemadmodum

1520 3827 1711 3881 Medea
1742 3829 2009 3880 Theseum
2049 3844 2311 3884 venenato
2356 3838 2550 3903 poculo

1524 3927 1769 3979 aggressa
1815 3907 1881 3960 sit
1905 3949 1920 3974 ,
1989 3909 2226 3962 meminit
2279 3912 2501 3968 Ovidius
2530 3957 2547 3982 ,

1525 3988 1739 4039 Metam.
1767 3986 1857 4039 lib.
1875 3988 2002 4040 Vll.
2032 3990 2241 4041 Onu-21..
2270 4021 2342 4030 -—
2364 3994 2552 4046 Rectis-

1526 4067 1657 4118 sime
1720 4066 1951 4118 Ortelius
2013 4067 2177 4120 verba
2235 4069 2423 4122 Avieni
2481 4072 2551 4124 ad

1528 4144 1795 4198 Theseum
1816 4185 1833 4210 ,
1856 4145 2019 4212 AEgaei
2052 4146 2189 4218 regis
2224 4147 2551 4201 Athenarum

2118 4261 2243 4303 22.
