2996 4685
866 407 1006 483 DE
1066 415 1148 482 R.
1202 415 1521 483 FESTO
1581 413 1991 486 AVIENO.
2206 490 2209 493 ¹
2448 409 2489 482 5

365 565 552 612 sectae
601 545 830 610 Stoi'cae
877 543 1340 632 philosophus,
1390 543 1719 632 Apollonii
1749 544 2006 630 Tyanaei
2060 543 2412 616 familiaris,
2458 567 2495 607 a

365 653 624 717 Nerone
654 651 722 714 in
760 650 1054 716 exsilium
1085 666 1300 730 actus,
1345 650 1460 715 sed
1492 650 1617 714 sub
1640 650 1900 714 Vitellio
1938 648 2171 731 redux,
2206 665 2270 713 et
2300 673 2336 714 a
2369 651 2499 713 Ve-

365 758 661 847 spasiano
703 757 772 821 in
821 757 1076 820 honore
1115 756 1406 836 habitus,
1450 757 1639 837 cujus
1690 779 1856 843 saepe
1892 755 2185 839 Tacitus,
2216 755 2496 836 Plinius»,

368 863 644 946 Gellius,
674 863 1103 928 Philostratus
1121 911 1138 939 ‚
1161 861 1290 925 Dio
1305 909 1324 944 ‚
1348 861 1750 943 Macrobius,
1784 861 2013 926 Suidas
2037 862 2501 942 meminerunt,

367 993 470 1033 res
516 969 964 1034 memorabiles
1007 968 1400 1032 luculentius
1443 985 1887 1056 exposuerunt
1936 971 2033 1034 Io.
2078 968 2341 1032 Jonsius
2375 965 2467 1054 (1)
2485 1015 2503 1047 ,

367 1076 500 1140 Jac.
539 1073 899 1138 Bruckerus
927 1073 1020 1160 (2)
1040 1121 1058 1153 ,
1081 1074 1134 1137 Ῑ.
1163 1075 1254 1138 M.
1283 1073 1621 1138 Catanaeus
1638 1073 1762 1162 (3),
1788 1073 2027 1139 Gottfr.
2054 1075 2349 1139 Olearius
2374 1073 2503 1161 (4),

369 1197 434 1246 et
469 1161 636 1245 Dan.
663 1179 1208 1270 Wyttenbachius
1245 1181 1324 1244 V.
1361 1182 1434 1246 C.
1480 1179 1591 1269 (5).
1645 1180 1872 1263 Quum
1918 1203 2073 1246 eum
2122 1182 2501 1246 Musonium

366 1288 778 1376 Tyrrhenum
834 1285 1007 1351 dicat
1057 1287 1484 1352 Philostratus
1528 1286 1623 1374 (6)
1642 1337 1661 1372 ‚
1708 1290 1995 1354 Tuscum
2042 1288 2301 1352 Tacitus
2362 1287 2459 1375 (7)
2485 1336 2503 1369 ‚

369 1392 771 1457 Vulsiniensi
802 1390 963 1457 adeo
996 1392 1252 1456 civitate
1281 1391 1639 1460 oriundum
1668 1391 1897 1458 Suidas
1920 1392 2013 1481 (8)
2036 1441 2054 1474 ,
2092 1416 2237 1480 quae
2280 1391 2503 1457 eadem

370 1498 576 1584 patria
619 1496 770 1562 Rufi
807 1498 983 1563 Festi
1015 1512 1143 1581 est,
1173 1497 1564 1586 accedatque
1597 1497 1749 1563 Rufi
1782 1521 2147 1589 cognomen
2165 1548 2184 1580 ,
2225 1497 2407 1586 quod
2432 1498 2501 1560 in

367 1619 564 1692 gente
593 1626 686 1668 ea
729 1620 1156 1694 propagatum
1189 1602 1270 1668 ad
1303 1605 1629 1670 Avienum
1666 1605 1917 1669 transiit
1938 1653 1955 1685 ,
1988 1602 2139 1669 satis
2172 1605 2509 1668 manifesti

366 1705 594 1773 adesse
623 1709 789 1772 ratio
818 1707 1111 1791 videtur,
1159 1725 1238 1772 ut
1266 1708 1448 1773 hunc
1477 1709 1861 1774 Musonium
1894 1710 2067 1774 inter
2108 1731 2383 1797 proavos
2422 1707 2504 1770 ab

346 1815 616 1879 ‘Avieno
649 1815 1060 1879 nominatum
1099 1831 1404 1902 putemus
1437 1813 1553 1902 (9).
1590 1817 1675 1880 Et
1703 1815 1963 1881 videtur
1994 1816 2102 1880 hic
2136 1815 2323 1879 aliam
2357 1815 2507 1878 Mu-

369 1920 538 1984 sonii
569 1919 887 1984 nominati
919 1940 1210 1984 caussam
1241 1917 1555 2006 sequente
1584 1942 1776 1983 versu
1802 1920 2107 2015 prodere:

623 2103 780 2158 Unde
801 2105 878 2158 tui
907 2105 1084 2158 latices
1109 2116 1406 2171 traxerunt,
1429 2104 1622 2172 Casia,
1641 2125 1853 2160 nomen.

370 2305 516 2375 Sive
556 2305 732 2371 enim
776 2305 1006 2371 Festus
1051 2321 1275 2373 noster
1313 2307 1567 2372 fontem
1610 2305 1893 2393 aliquem
1938 2306 2369 2390 celebratum,
2397 2326 2509 2375 aut

373 2433 608 2499 aquam
661 2411 988 2477 salubrem
1037 2411 1291 2475 invenit
1343 2411 1594 2501 primus
1614 2460 1633 2492 ,
1688 2412 1823 2475 sive
1875 2412 2077 2477 coluit
2124 2416 2401 2479 maxime
2448 2433 2513 2481 et

373 2518 658 2583 carmine
687 2518 1004 2601 laudavit,
1030 2534 1106 2581 ut
1136 2516 1290 2582 inde
1323 2541 1570 2605 nomen
1599 2533 1664 2581 et
1695 2520 1932 2591 sarnam
1966 2519 2250 2585 traheret
2280 2522 2511 2605 Caesia3

376 2623 570 2703 hujus
605 2624 702 2689 rei
733 2623 993 2688 videtur
1017 2646 1149 2713 prae
1183 2622 1426 2687 caeteris
1460 2624 1864 2701 mentionem
1910 2624 2235 2707 injecisse,
2269 2642 2345 2689 ut
2362 2626 2513 2691 Mu-

374 2728 635 2797 sonium
666 2727 1131 2817 philosophum
1154 2728 1474 2809 imitatus,
1497 2727 1854 2817 similisque
1884 2751 2006 2792 suo
2038 2752 2280 2816 proavo
2308 2731 2515 2797 factus

375 2833 724 2917 videretur,
756 2834 869 2929 qui
899 2834 1038 2927 ipse
1074 2832 1240 2902 fonti
1276 2832 1358 2897 ab
1391 2856 1459 2901 se
1494 2833 1763 2897 invento
1790 2857 2030 2898 nomen
2054 2852 2247 2923 atque
2274 2836 2511 2919 famam

381 3114 388 3120 ·
447 3100 524 3167 (ι)
557 3100 636 3151 De
659 3099 847 3170 script.
871 3098 1006 3152 nint.
1025 3098 1236 3151 Philon.
1260 3098 1349 3151 lib.
1374 3098 1483 3165 111,
1512 3116 1627 3170 cap.
1648 3116 1701 3167 7.

445 3199 526 3265 (a)
559 3198 692 3253 nist.
721 3200 836 3253 crit.
866 3198 1059 3253 Philon.
1079 3212 1120 3253 t.
1146 3200 1232 3261 11,
1257 3217 1312 3270 p.
1335 3200 1457 3260 540.

449 3297 528 3365 (3)
565 3296 646 3349 Ad
678 3297 812 3350 Plin.
839 3297 1003 3369 Epist.
1029 3300 1144 3364 111,
1185 3316 1276 3364 ιι,
1306 3296 1354 3350 5.

449 3397 532 3462 (4)
562 3394 645 3449 Ad
672 3394 919 3450 Philum.
943 3397 1012 3451 de
1035 3398 1334 3470 vitaspoll.
1355 3398 1529 3471 Tynn.
1552 3398 1643 3453 lib.
1662 3400 1739 3451 Iv
1748 3438 1765 3463 ‚
1790 3418 1908 3471 cap.
1929 3400 2019 3451 35.

447 3495 531 3564 (5)
565 3494 632 3547 In
659 3495 876 3549 Dissert.
893 3496 964 3549 de
981 3498 1231 3551 Musonio
1257 3498 1424 3565 Rufo,
1454 3497 1783 3570 philosopho
1794 3498 1976 3553 Stoico
1994 3535 2010 3562 ,
2036 3498 2106 3553 ad
2124 3496 2401 3571 publium
2411 3502 2519 3556 dis-

379 3583 728 3654 ceptationem
757 3584 1024 3656 proposita
1052 3585 1271 3639 Amstel.
1297 3586 1449 3657 1783.

448 3686 528 3755 (6)
563 3686 689 3740 vita
717 3686 1012 3759 Apollonii,
1043 3686 1133 3739 lib.
1151 3686 1288 3752 VH,
1311 3704 1426 3759 cap.
1451 3692 1531 3740 ιδ.

451 3788 530 3857 (7)
567 3786 758 3841 Annal.
778 3786 929 3851 XIV,
952 3789 1037 3841 60.

451 3898 532 3969 (8)
565 3896 632 3949 In
659 3899 962 3961 Μουσώνιος.

450 3995 530 4063 (9)
564 3994 728 4064 Cujus
769 3994 1025 4049 memoria
1058 3993 1216 4049 etiam
1265 3996 1408 4066 apud
1457 4007 1693 4067 posteros
1736 3996 1807 4049 ita
1847 4008 2157 4051 consa-vata
2194 3994 2431 4060 videtur,
2464 4007 2525 4049 ut

382 4082 598 4154 quidam
631 4088 741 4148 ejus
765 4085 938 4155 gentis
962 4084 1262 4137 Musoniani
1284 4084 1605 4141 dicerentur.
1641 4085 2023 4138 Musonianum
2048 4083 2331 4156 quemdam
2348 4126 2363 4151 ‚
2394 4085 2527 4143 ami-

385 4188 504 4222 cum
529 4182 580 4222 et
607 4170 922 4228 familiarem
952 4192 1104 4231 suum
1121 4215 1137 4240 ,
1165 4173 1406 4227 nominat
1427 4174 1799 4246 Symmachus,
1820 4174 1988 4245 Epist.
2010 4174 2125 4239 111,
2152 4174 2237 4226 53.
