2996 4685
822 381 990 454 ‘AD
1044 387 1339 454 ORAM
1390 388 2019 459 MARITIMAM.
2361 387 2498 463 513

374 505 673 574 flecteret.
714 507 923 570 Saltus
974 505 1333 595 Hercynios
1382 507 1576 596 longe
1625 508 1880 574 dissitos
1918 532 2051 573 non
2093 532 2312 574 moror
2328 561 2346 586 ,
2383 513 2496 600 qui

370 610 694 674 Celtarum
727 609 918 674 etiam
954 632 1195 674 nomen
1230 611 1421 701 longe
1454 611 1734 701 patuisse
1767 612 1923 677 sci0.

458 712 561 777 Ad
584 711 961 800 opinionem
994 712 1167 776 illam
1198 729 1482 778 veterem
1515 714 1840 778 Celtarum
1874 713 1956 778 (lc
1989 714 2307 782 Rhodano
2325 766 2343 801 ,
2371 717 2498 782 fine

372 812 545 878 orbis
567 811 835 878 habitati
855 861 873 896 ,
900 813 1315 878 referendum
1344 813 1562 880 adhuc
1587 832 1750 906 puto
1766 865 1784 896 ,
1808 815 1990 904 quod
2015 819 2298 884 Avienus
2325 821 2502 886 haud

372 916 577 979 multo
601 931 751 1003 post
781 915 863 980 de
897 915 1243 1005 Liguribus
1279 932 1521 998 narrat,
1560 915 1903 982 credidisse
1935 939 2045 982 eos
2072 920 2400 1008 Europam
2436 939 2503 986 et

370 1015 635 1106 Libyam
671 1014 940 1080 flumine
977 1015 1297 1082 Rhodano
1334 1014 1798 1100 disterminari,
1836 1041 1896 1082 v.
1940 1017 2089 1098 684.
2129 1020 2322 1087 Ridet
2357 1046 2498 1088 eam

370 1118 745 1207 opinionem
763 1166 781 1200 ,
804 1132 880 1181 ut
897 1117 1215 1182 inscitiam
1234 1117 1570 1182 barbaram
1589 1165 1606 1199 ,
1635 1118 1944 1203 Avienus,
1965 1119 2084 1184 sed
2100 1142 2234 1184 non
2257 1124 2499 1204 majore

364 1221 507 1300 jure
525 1269 544 1302 ,
567 1242 763 1308 quam
786 1218 994 1285 ridere
1028 1219 1213 1284 istam
1243 1217 1324 1283 de
1356 1220 1678 1285 Columna
1709 1221 1863 1285 solis
1887 1220 2252 1305 debuisset,
2277 1225 2329 1288 si
2356 1225 2496 1306 ejus

368 1319 809 1409 adpellationis
832 1341 1120 1385 caussam
1137 1369 1156 1402 ,
1179 1343 1374 1409 quam
1396 1321 1521 1410 ipsi
1537 1320 1868 1405 dedimus,
1892 1325 2332 1413 perspexisset.
2363 1326 2500 1409 Qui

370 1421 541 1484 enim
591 1419 985 1484 Rhodanum
1040 1420 1232 1485 finem
1283 1420 1459 1486 orbis
1521 1443 1690 1502 esse,
1743 1439 1809 1486 et
1862 1424 2117 1488 misceri
2174 1426 2497 1492 Atlantico

368 1524 629 1587 Oceano
672 1522 1022 1612 putabant,
1068 1521 1313 1611 quique
1356 1545 1564 1599 mare,
1615 1521 1797 1610 quod
1838 1524 2008 1588 inter
2052 1525 2382 1614 Europam
2435 1544 2502 1592 et

367 1625 649 1688 Africam
686 1639 813 1705 est,
845 1622 1027 1712 quod
1060 1625 1181 1712 ipsi
1214 1646 1554 1711 nunquam
1591 1638 1977 1705 tentassent,
2015 1646 2136 1689 nec
2167 1627 2498 1716 magnitu-

366 1725 587 1790 dinem
614 1725 752 1805 ejus
784 1725 1253 1814 explorassent,
1281 1747 1403 1812 pro
1431 1725 1924 1789 continuatione
1947 1724 2242 1790 Rhodani
2267 1728 2497 1792 inscite

366 1821 722 1910 habebant,
752 1825 825 1890 hi
857 1825 1039 1890 facile
1071 1847 1150 1889 eo
1184 1825 1336 1890 duci
1368 1840 1702 1914 poterant,
1736 1842 1811 1888 ut
1844 1825 2234 1891 Rhodanum
2269 1826 2492 1892 crede·

364 1945 511 1994 rent
562 1929 891 2018 Europam
940 1943 1006 1992 et
1046 1927 1313 2016 Libyam
1377 1925 1856 2008 disterminare3
1907 1926 2460 2014 quemadmodum
2476 1977 2495 2008 ,

364 2032 477 2119 qui
510 2046 731 2121 postea
755 2030 915 2096 orbe
946 2030 1177 2096 melius
1202 2028 1465 2118 cognito
1496 2025 1660 2091 fines
1693 2043 1876 2093 terrae
1911 2026 1995 2092 ad
2021 2029 2260 2093 fretum
2295 2028 2492 2095 Gadi-

362 2149 587 2198 tanum
622 2149 687 2197 et
716 2133 1053 2198 columnas
1080 2131 1373 2197 Herculis
1401 2129 1842 2218 proferebant,
1869 2129 2099 2195 eodem
2120 2130 2288 2194 freto
2317 2130 2492 2195 dice-

361 2235 521 2300 bant
556 2235 883 2324 Europam
919 2233 1321 2324 Libyamque
1354 2230 1806 2296 disterminari.
1843 2231 1990 2294 Non
2028 2247 2126 2295 est
2160 2231 2383 2321 igitur,
2418 2248 2494 2295 ut

362 2337 693 2402 sententiae
731 2337 812 2401 Is.
847 2335 1057 2401 Vossii
1093 2333 1174 2400 ad
1206 2335 1435 2425 Pomp.
1477 2333 1628 2398 Mel.
1667 2356 1731 2423 p.
1780 2332 1933 2421 176,
1972 2357 2102 2422 qua
2145 2333 2489 2400 absurdam

362 2440 670 2530 Ligurum
716 2438 1093 2528 opinionem
1135 2438 1361 2502 tollere
1409 2453 1715 2519 conatur,
1765 2434 2146 2501 accedamus
2165 2487 2183 2519 ,
2229 2436 2494 2525 quando

360 2543 606 2607 accolas
646 2540 984 2623 Rhodani,
1020 2542 1141 2621 ait,
1180 2562 1331 2603 eum
1375 2560 1633 2602 amnem
1669 2548 1882 2618 Διγύης,
1919 2560 2154 2626 nempe
2188 2539 2494 2629 Ligurioe,

362 2645 711 2709 terminum
752 2642 1020 2726 dixisse,
1060 2663 1195 2705 non
1241 2646 1456 2711 Διςὺης,
1503 2654 1700 2725 atque
1733 2637 1897 2702 adeo
1944 2637 2120 2727 apud
2166 2640 2492 2706 Avienum

358 2746 630 2835 Ligyam
643 2769 766 2836 pro
778 2745 1039 2833 Libyam
1052 2739 1403 2833 legendum
1418 2738 1758 2803 existimat.
1775 2739 2008 2826 Neque
2021 2740 2196 2802 enim
2212 2762 2285 2803 ea
2301 2742 2493 2805 lectio

359 2846 460 2911 vel
487 2846 655 2912 hanc
677 2847 764 2911 ob
786 2868 1075 2911 caussam
1096 2842 1337 2907 habere
1359 2840 1580 2904 locum
1603 2854 1850 2928 potest,
1875 2838 2052 2927 quod
2081 2839 2172 2902 sic
2196 2840 2456 2929 Liguria
2472 2891 2490 2922 ,

358 2968 503 3035 pars
540 2949 853 3036 Europae,
890 2946 1052 3011 male
1083 2943 1323 3009 dicitur
1352 2940 1435 3005 ab
1469 2940 1900 3030 ipsa-Europa
1929 2938 2165 3004 dividi:
2197 2956 2264 3004 et
2295 2941 2346 3005 si
2380 2944 2490 3006 Li-

361 3068 551 3134 gures
582 3048 747 3111 nihil
768 3047 976 3130 aliud,
1005 3068 1200 3135 quam
1231 3040 1554 3107 Rhodano
1580 3039 1750 3105 finiri
1773 3040 2099 3130 Liguriam
2117 3088 2134 3115 ‚
2154 3040 2490 3125 dixerunt,

359 3146 539 3235 quod
583 3170 684 3213 res
730 3164 855 3232 est,
896 3165 961 3212 et
1007 3148 1089 3212 ab
1134 3145 1439 3211 omnibus
1474 3140 1856 3233 geographis
1899 3143 2290 3232 agnoscitur,
2336 3166 2491 3208 sane

359 3270 494 3311 non
526 3264 693 3330 erat,
722 3270 839 3313 cur
864 3248 1026 3313 illud
1050 3266 1378 3335 tamquam
1405 3242 1825 3308 memorabile
1846 3242 2158 3332 Ligurum
2183 3246 2487 3331 antiquo·

360 3374 505 3417 rum
538 3369 980 3420 commentum
1014 3355 1283 3419 referret
1314 3350 1598 3431 Phileas,
1646 3364 1711 3412 et
1751 3364 2080 3435 tamquam
2130 3347 2486 3414 absurdum

358 3455 733 3543 reprobaret
764 3456 1069 3521 Avienus.
1106 3456 1257 3519 Haec
1297 3451 1495 3542 igitur
1533 3450 1754 3537 inepta
1800 3446 2132 3535 persuasio
2177 3448 2489 3536 Ligurum

358 3575 436 3617 ex
470 3554 703 3619 eodem
739 3554 920 3621 fonte
960 3556 1273 3637 manavit,
1318 3576 1451 3643 quo
1488 3549 1880 3614 Rhodanum
1918 3547 2113 3613 finem
2166 3566 2387 3633 terrae,
2426 3568 2491 3616 et

361 3656 749 3723 Columnam
792 3658 942 3721 solis
984 3656 1065 3722 ad
1109 3659 1321 3722 fontes
1364 3652 1702 3732 Rhodani,
1741 3673 1890 3715 cum
1933 3649 2205 3739 Alpibus
2241 3652 2299 3715 ei
2334 3676 2494 3717 con-

354 3754 629 3840 junctis,
671 3758 831 3823 duas
862 3757 1093 3823 mundi
1138 3760 1386 3847 plagas,
1424 3771 1491 3821 et
1524 3750 1688 3817 lucis
1720 3750 2058 3838 noctisque
2097 3752 2266 3815 vices
2305 3751 2491 3817 finire

358 3855 795 3924 crediderunt.
865 3860 1279 3948 Quapropter
1332 3858 1445 3921 has
1500 3852 1853 3943 persimiles
1916 3850 2038 3914 sibi
2094 3868 2160 3915 et
2213 3853 2490 3919 invicem

357 3957 735 4037 conjunctas
772 3960 1015 4026 fabulas
1058 3982 1187 4023 una
1221 3979 1555 4046 exponere,
1579 3972 1643 4019 et
1673 3952 1992 4020 declarare
2029 3950 2158 4015 hoc
2195 3953 2490 4017 Excursu

362 4062 769 4125 tentavimus.

1709 4182 1762 4189 ῳ,-

563 4264 645 4329 V.
2119 4246 2207 4319 33
